<?xml version="1.0" encoding="UTF-8"?>
<!DOCTYPE html PUBLIC "-//W3C//DTD XHTML 1.0 Transitional//EN"
    "http://www.w3.org/TR/xhtml1/DTD/xhtml1-transitional.dtd">
<html xmlns="http://www.w3.org/1999/xhtml" xml:lang="en" lang="en">
 <head>
  <title>
</title>
<meta http-equiv="Content-Type" content="text/html;charset=utf-8" />
  <meta name='ocr-system' content='tesseract 3.04.00' />
  <meta name='ocr-capabilities' content='ocr_page ocr_carea ocr_par ocr_line ocrx_word'/>
</head>
<body>
  <div class='ocr_page' id='page_1' title='image "./deparoemiographi00warnuoft_0048.png"; bbox 0 0 1951 3203; ppageno 0'>
   <div class='ocr_carea' id='block_1_1' title="bbox 889 0 1175 179">
    <p class='ocr_par' dir='ltr' id='par_1_1' title="bbox 889 0 1175 179">
     <span class='ocr_line' id='line_1_1' title="bbox 889 0 904 73; baseline 0 0"><span class='ocrx_word' id='word_1_1' title='bbox 889 0 904 73; x_wconf 67' lang='lat' dir='ltr'>l</span> 
     </span>
     <span class='ocr_line' id='line_1_2' title="bbox 893 135 1175 179; baseline 0 -14"><span class='ocrx_word' id='word_1_2' title='bbox 893 135 1175 179; x_wconf 50' lang='lat'>„40-</span> 
     </span>
    </p>
   </div>
   <div class='ocr_carea' id='block_1_2' title="bbox 325 239 1748 346">
    <p class='ocr_par' dir='ltr' id='par_1_2' title="bbox 325 239 1748 346">
     <span class='ocr_line' id='line_1_3' title="bbox 325 239 1748 291; baseline 0 -13"><span class='ocrx_word' id='word_1_3' title='bbox 325 241 485 278; x_wconf 84' lang='lat' dir='ltr'>nomina</span> <span class='ocrx_word' id='word_1_4' title='bbox 514 240 731 278; x_wconf 87' lang='lat' dir='ltr'>historiolis</span> <span class='ocrx_word' id='word_1_5' title='bbox 756 239 1007 291; x_wconf 81' lang='lat' dir='ltr'>quibuslibet,</span> <span class='ocrx_word' id='word_1_6' title='bbox 1040 242 1079 277; x_wconf 92' lang='lat' dir='ltr'>et</span> <span class='ocrx_word' id='word_1_7' title='bbox 1108 240 1194 278; x_wconf 91' lang='lat' dir='ltr'>aliis</span> <span class='ocrx_word' id='word_1_8' title='bbox 1225 243 1264 278; x_wconf 88' lang='lat' dir='ltr'>et</span> <span class='ocrx_word' id='word_1_9' title='bbox 1293 240 1525 289; x_wconf 83' lang='lat' dir='ltr'>prouerbiis‚</span> <span class='ocrx_word' id='word_1_10' title='bbox 1557 253 1748 279; x_wconf 81' lang='lat' dir='ltr'>exornare</span> 
     </span>
     <span class='ocr_line' id='line_1_4' title="bbox 326 307 801 346; baseline -0.004 0"><span class='ocrx_word' id='word_1_11' title='bbox 326 308 485 346; x_wconf 87' lang='lat' dir='ltr'>minime</span> <span class='ocrx_word' id='word_1_12' title='bbox 515 308 685 345; x_wconf 89' lang='lat' dir='ltr'>alienum</span> <span class='ocrx_word' id='word_1_13' title='bbox 716 307 801 345; x_wconf 84' lang='lat' dir='ltr'>fuit.</span> 
     </span>
    </p>
   </div>
   <div class='ocr_carea' id='block_1_3' title="bbox 715 475 1356 519">
    <p class='ocr_par' dir='ltr' id='par_1_3' title="bbox 715 475 1356 519">
     <span class='ocr_line' id='line_1_5' title="bbox 715 475 1356 519; baseline 0.005 -3"><span class='ocrx_word' id='word_1_14' title='bbox 715 475 762 517; x_wconf 89' lang='lat' dir='ltr'>B.</span> <span class='ocrx_word' id='word_1_15' title='bbox 821 476 885 518; x_wconf 88' lang='lat' dir='ltr'>De</span> <span class='ocrx_word' id='word_1_16' title='bbox 917 475 1086 518; x_wconf 81' lang='lat' dir='ltr'>scholiis</span> <span class='ocrx_word' id='word_1_17' title='bbox 1116 475 1356 519; x_wconf 83' lang='lat' dir='ltr'>Platonicis.</span> 
     </span>
    </p>
   </div>
   <div class='ocr_carea' id='block_1_4' title="bbox 322 578 1809 2740">
    <p class='ocr_par' dir='ltr' id='par_1_4' title="bbox 323 578 1746 767">
     <span class='ocr_line' id='line_1_6' title="bbox 435 578 1746 630; baseline 0.002 -15"><span class='ocrx_word' id='word_1_18' title='bbox 435 578 623 616; x_wconf 81' lang='lat' dir='ltr'>Similiter</span> <span class='ocrx_word' id='word_1_19' title='bbox 653 582 769 630; x_wconf 87' lang='lat' dir='ltr'>atque</span> <span class='ocrx_word' id='word_1_20' title='bbox 802 580 845 616; x_wconf 90' lang='lat' dir='ltr'>in</span> <span class='ocrx_word' id='word_1_21' title='bbox 876 579 1062 628; x_wconf 76' lang='lat' dir='ltr'>Stephani</span> <span class='ocrx_word' id='word_1_22' title='bbox 1094 580 1195 618; x_wconf 89' lang='lat' dir='ltr'>libro</span> <span class='ocrx_word' id='word_1_23' title='bbox 1227 580 1409 629; x_wconf 85' lang='lat' dir='ltr'>progredi</span> <span class='ocrx_word' id='word_1_24' title='bbox 1440 580 1533 618; x_wconf 89' lang='lat' dir='ltr'>licet</span> <span class='ocrx_word' id='word_1_25' title='bbox 1562 581 1604 617; x_wconf 92' lang='lat' dir='ltr'>in</span> <span class='ocrx_word' id='word_1_26' title='bbox 1635 581 1746 618; x_wconf 90' lang='lat' dir='ltr'>scho-</span> 
     </span>
     <span class='ocr_line' id='line_1_7' title="bbox 323 647 1746 699; baseline 0.001 -15"><span class='ocrx_word' id='word_1_27' title='bbox 323 647 386 684; x_wconf 88' lang='lat' dir='ltr'>liis</span> <span class='ocrx_word' id='word_1_28' title='bbox 410 647 632 693; x_wconf 78' lang='lat' dir='ltr'>Platonicis,</span> <span class='ocrx_word' id='word_1_29' title='bbox 665 661 830 699; x_wconf 86' lang='lat' dir='ltr'>quorum</span> <span class='ocrx_word' id='word_1_30' title='bbox 860 648 900 685; x_wconf 90' lang='lat' dir='ltr'>in</span> <span class='ocrx_word' id='word_1_31' title='bbox 934 648 1034 685; x_wconf 89' lang='lat' dir='ltr'>mole</span> <span class='ocrx_word' id='word_1_32' title='bbox 1065 648 1228 686; x_wconf 86' lang='lat' dir='ltr'>alterum</span> <span class='ocrx_word' id='word_1_33' title='bbox 1262 661 1282 685; x_wconf 92' lang='lat' dir='ltr'>e</span> <span class='ocrx_word' id='word_1_34' title='bbox 1304 648 1489 686; x_wconf 87' lang='lat' dir='ltr'>Tarrhaei</span> <span class='ocrx_word' id='word_1_35' title='bbox 1520 661 1656 698; x_wconf 81' lang='lat' dir='ltr'>provv.</span> <span class='ocrx_word' id='word_1_36' title='bbox 1686 648 1746 686; x_wconf 89' lang='lat' dir='ltr'>in-</span> 
     </span>
     <span class='ocr_line' id='line_1_8' title="bbox 323 715 1503 767; baseline 0.003 -15"><span class='ocrx_word' id='word_1_37' title='bbox 323 729 418 764; x_wconf 87' lang='lat' dir='ltr'>gens</span> <span class='ocrx_word' id='word_1_38' title='bbox 449 715 657 752; x_wconf 87' lang='lat' dir='ltr'>frustulum</span> <span class='ocrx_word' id='word_1_39' title='bbox 690 719 886 753; x_wconf 88' lang='lat' dir='ltr'>seruatum</span> <span class='ocrx_word' id='word_1_40' title='bbox 917 716 1134 765; x_wconf 84' lang='lat' dir='ltr'>reperimus</span> <span class='ocrx_word' id='word_1_41' title='bbox 1165 716 1217 765; x_wconf 87' lang='lat' dir='ltr'>(p.</span> <span class='ocrx_word' id='word_1_42' title='bbox 1243 719 1321 753; x_wconf 88' lang='grc'>396</span> <span class='ocrx_word' id='word_1_43' title='bbox 1348 716 1503 767; x_wconf 87' lang='lat' dir='ltr'>Bekk.).</span> 
     </span>
    </p>

    <p class='ocr_par' dir='ltr' id='par_1_5' title="bbox 322 784 1748 1586">
     <span class='ocr_line' id='line_1_9' title="bbox 436 784 1746 835; baseline 0.002 -15"><span class='ocrx_word' id='word_1_44' title='bbox 436 784 545 821; x_wconf 89' lang='lat' dir='ltr'>Bona</span> <span class='ocrx_word' id='word_1_45' title='bbox 572 784 731 821; x_wconf 88' lang='lat' dir='ltr'>fortuna</span> <span class='ocrx_word' id='word_1_46' title='bbox 761 784 911 830; x_wconf 88' lang='lat' dir='ltr'>accidit,</span> <span class='ocrx_word' id='word_1_47' title='bbox 944 788 987 821; x_wconf 91' lang='lat' dir='ltr'>ut</span> <span class='ocrx_word' id='word_1_48' title='bbox 1018 797 1121 821; x_wconf 90' lang='lat' dir='ltr'>nunc</span> <span class='ocrx_word' id='word_1_49' title='bbox 1153 784 1321 835; x_wconf 87' lang='lat' dir='ltr'>denique</span> <span class='ocrx_word' id='word_1_50' title='bbox 1353 785 1412 834; x_wconf 63' lang='lat' dir='ltr'>⁶de</span> <span class='ocrx_word' id='word_1_51' title='bbox 1437 785 1613 823; x_wconf 84' lang='lat' dir='ltr'>Platonis</span> <span class='ocrx_word' id='word_1_52' title='bbox 1636 785 1746 823; x_wconf 86' lang='lat' dir='ltr'>scho-</span> 
     </span>
     <span class='ocr_line' id='line_1_10' title="bbox 322 851 1747 901; baseline 0.002 -13"><span class='ocrx_word' id='word_1_53' title='bbox 322 851 463 888; x_wconf 90' lang='lat' dir='ltr'>liorum</span> <span class='ocrx_word' id='word_1_54' title='bbox 484 851 671 889; x_wconf 80' lang='lat' dir='ltr'>fontibus&#39;</span> <span class='ocrx_word' id='word_1_55' title='bbox 704 851 924 896; x_wconf 79' lang='lat' dir='ltr'>dissertatio</span> <span class='ocrx_word' id='word_1_56' title='bbox 956 852 1147 901; x_wconf 89' lang='lat' dir='ltr'>prodierit</span> <span class='ocrx_word' id='word_1_57' title='bbox 1177 852 1322 901; x_wconf 86' lang='lat' dir='ltr'>scripta</span> <span class='ocrx_word' id='word_1_58' title='bbox 1353 865 1375 889; x_wconf 90' lang='lat' dir='ltr'>a</span> <span class='ocrx_word' id='word_1_59' title='bbox 1395 852 1528 890; x_wconf 85' lang='lat' dir='ltr'>Thom.</span> <span class='ocrx_word' id='word_1_60' title='bbox 1551 854 1747 892; x_wconf 86' lang='lat' dir='ltr'>Mettauer</span> 
     </span>
     <span class='ocr_line' id='line_1_11' title="bbox 324 919 1746 971; baseline 0.002 -15"><span class='ocrx_word' id='word_1_61' title='bbox 324 919 470 968; x_wconf 86' lang='lat' dir='ltr'>(Turici</span> <span class='ocrx_word' id='word_1_62' title='bbox 497 920 637 969; x_wconf 83' lang='lat'>1880),</span> <span class='ocrx_word' id='word_1_63' title='bbox 683 932 760 970; x_wconf 91' lang='lat' dir='ltr'>qua</span> <span class='ocrx_word' id='word_1_64' title='bbox 790 919 1023 957; x_wconf 84' lang='lat' dir='ltr'>scholiorum</span> <span class='ocrx_word' id='word_1_65' title='bbox 1064 920 1272 969; x_wconf 82' lang='lat' dir='ltr'>farraginis</span> <span class='ocrx_word' id='word_1_66' title='bbox 1310 920 1426 970; x_wconf 86' lang='lat' dir='ltr'>longe</span> <span class='ocrx_word' id='word_1_67' title='bbox 1457 922 1627 958; x_wconf 82' lang='lat' dir='ltr'>maxima</span> <span class='ocrx_word' id='word_1_68' title='bbox 1656 934 1746 971; x_wconf 86' lang='lat' dir='ltr'>pars</span> 
     </span>
     <span class='ocr_line' id='line_1_12' title="bbox 323 988 1747 1039; baseline 0.002 -15"><span class='ocrx_word' id='word_1_69' title='bbox 323 988 369 1024; x_wconf 90' lang='lat' dir='ltr'>ad</span> <span class='ocrx_word' id='word_1_70' title='bbox 403 990 579 1025; x_wconf 85' lang='lat' dir='ltr'>auctores</span> <span class='ocrx_word' id='word_1_71' title='bbox 611 1001 709 1034; x_wconf 82' lang='lat' dir='ltr'>SUOS,</span> <span class='ocrx_word' id='word_1_72' title='bbox 744 988 924 1026; x_wconf 84' lang='lat' dir='ltr'>Proclum</span> <span class='ocrx_word' id='word_1_73' title='bbox 956 988 1148 1037; x_wconf 87' lang='lat' dir='ltr'>imprimis</span> <span class='ocrx_word' id='word_1_74' title='bbox 1180 993 1219 1027; x_wconf 89' lang='lat' dir='ltr'>et</span> <span class='ocrx_word' id='word_1_75' title='bbox 1251 988 1574 1039; x_wconf 87' lang='lat' dir='ltr'>Olympiodorum</span> <span class='ocrx_word' id='word_1_76' title='bbox 1605 991 1747 1039; x_wconf 86' lang='lat' dir='ltr'>proba-</span> 
     </span>
     <span class='ocr_line' id='line_1_13' title="bbox 323 1055 1747 1108; baseline 0.003 -16"><span class='ocrx_word' id='word_1_77' title='bbox 323 1055 456 1093; x_wconf 89' lang='lat' dir='ltr'>biliter</span> <span class='ocrx_word' id='word_1_78' title='bbox 496 1055 726 1107; x_wconf 88' lang='lat' dir='ltr'>plerumque</span> <span class='ocrx_word' id='word_1_79' title='bbox 767 1056 889 1094; x_wconf 86' lang='lat' dir='ltr'>relata</span> <span class='ocrx_word' id='word_1_80' title='bbox 930 1060 998 1094; x_wconf 90' lang='lat' dir='ltr'>est.</span> <span class='ocrx_word' id='word_1_81' title='bbox 1058 1056 1131 1094; x_wconf 81' lang='lat' dir='ltr'>Sed</span> <span class='ocrx_word' id='word_1_82' title='bbox 1172 1057 1209 1094; x_wconf 90' lang='lat' dir='ltr'>id</span> <span class='ocrx_word' id='word_1_83' title='bbox 1248 1057 1352 1108; x_wconf 87' lang='lat' dir='ltr'>quod</span> <span class='ocrx_word' id='word_1_84' title='bbox 1390 1069 1543 1106; x_wconf 87' lang='lat' dir='ltr'>semper</span> <span class='ocrx_word' id='word_1_85' title='bbox 1581 1058 1612 1095; x_wconf 90' lang='lat' dir='ltr'>si</span> <span class='ocrx_word' id='word_1_86' title='bbox 1643 1071 1747 1096; x_wconf 89' lang='lat' dir='ltr'>noua</span> 
     </span>
     <span class='ocr_line' id='line_1_14' title="bbox 325 1124 1746 1177; baseline 0.003 -17"><span class='ocrx_word' id='word_1_87' title='bbox 325 1124 552 1174; x_wconf 86' lang='lat' dir='ltr'>intactaque</span> <span class='ocrx_word' id='word_1_88' title='bbox 590 1124 716 1162; x_wconf 87' lang='lat' dir='ltr'>adhuc</span> <span class='ocrx_word' id='word_1_89' title='bbox 756 1128 861 1162; x_wconf 87' lang='lat' dir='ltr'>terra</span> <span class='ocrx_word' id='word_1_90' title='bbox 901 1125 1029 1162; x_wconf 87' lang='lat' dir='ltr'>aditur</span> <span class='ocrx_word' id='word_1_91' title='bbox 1066 1124 1149 1162; x_wconf 86' lang='lat' dir='ltr'>fieri</span> <span class='ocrx_word' id='word_1_92' title='bbox 1183 1125 1301 1171; x_wconf 88' lang='lat' dir='ltr'>solet,</span> <span class='ocrx_word' id='word_1_93' title='bbox 1343 1129 1494 1164; x_wconf 84' lang='lat' dir='ltr'>restant</span> <span class='ocrx_word' id='word_1_94' title='bbox 1525 1126 1571 1164; x_wconf 91' lang='lat' dir='ltr'>de</span> <span class='ocrx_word' id='word_1_95' title='bbox 1604 1126 1746 1177; x_wconf 90' lang='lat' dir='ltr'>quibus</span> 
     </span>
     <span class='ocr_line' id='line_1_15' title="bbox 324 1192 1748 1242; baseline 0.004 -14"><span class='ocrx_word' id='word_1_96' title='bbox 324 1192 510 1230; x_wconf 89' lang='lat' dir='ltr'>iudicium</span> <span class='ocrx_word' id='word_1_97' title='bbox 542 1195 609 1230; x_wconf 90' lang='lat' dir='ltr'>aut</span> <span class='ocrx_word' id='word_1_98' title='bbox 639 1193 798 1230; x_wconf 88' lang='lat' dir='ltr'>omnino</span> <span class='ocrx_word' id='word_1_99' title='bbox 829 1193 921 1230; x_wconf 87' lang='lat' dir='ltr'>ferri</span> <span class='ocrx_word' id='word_1_100' title='bbox 954 1193 1126 1230; x_wconf 88' lang='lat' dir='ltr'>nondum</span> <span class='ocrx_word' id='word_1_101' title='bbox 1158 1193 1330 1242; x_wconf 88' lang='lat' dir='ltr'>potuerit</span> <span class='ocrx_word' id='word_1_102' title='bbox 1358 1196 1425 1232; x_wconf 87' lang='lat' dir='ltr'>aut</span> <span class='ocrx_word' id='word_1_103' title='bbox 1445 1194 1665 1232; x_wconf 86' lang='lat' dir='ltr'>adcuratius</span> <span class='ocrx_word' id='word_1_104' title='bbox 1696 1195 1748 1233; x_wconf 89' lang='lat' dir='ltr'>sit</span> 
     </span>
     <span class='ocr_line' id='line_1_16' title="bbox 323 1260 1744 1314; baseline 0.003 -18"><span class='ocrx_word' id='word_1_105' title='bbox 323 1260 538 1297; x_wconf 88' lang='lat' dir='ltr'>ferendum.</span> <span class='ocrx_word' id='word_1_106' title='bbox 601 1262 657 1298; x_wconf 91' lang='lat' dir='ltr'>Ac</span> <span class='ocrx_word' id='word_1_107' title='bbox 688 1261 742 1299; x_wconf 89' lang='lat' dir='ltr'>sic</span> <span class='ocrx_word' id='word_1_108' title='bbox 773 1262 819 1298; x_wconf 90' lang='lat' dir='ltr'>de</span> <span class='ocrx_word' id='word_1_109' title='bbox 843 1274 921 1298; x_wconf 86' lang='lat' dir='ltr'>una</span> <span class='ocrx_word' id='word_1_110' title='bbox 950 1273 992 1298; x_wconf 90' lang='lat' dir='ltr'>re</span> <span class='ocrx_word' id='word_1_111' title='bbox 1022 1261 1098 1298; x_wconf 89' lang='lat' dir='ltr'>iam</span> <span class='ocrx_word' id='word_1_112' title='bbox 1130 1275 1246 1311; x_wconf 86' lang='lat' dir='ltr'>supra</span> <span class='ocrx_word' id='word_1_113' title='bbox 1277 1262 1422 1300; x_wconf 90' lang='lat' dir='ltr'>dictum</span> <span class='ocrx_word' id='word_1_114' title='bbox 1448 1267 1507 1301; x_wconf 89' lang='lat' dir='ltr'>est</span> <span class='ocrx_word' id='word_1_115' title='bbox 1537 1262 1640 1312; x_wconf 86' lang='lat' dir='ltr'>(adn.</span> <span class='ocrx_word' id='word_1_116' title='bbox 1663 1263 1744 1314; x_wconf 84' lang='lat'><strong>61),</strong></span> 
     </span>
     <span class='ocr_line' id='line_1_17' title="bbox 326 1329 1745 1382; baseline 0.002 -16"><span class='ocrx_word' id='word_1_117' title='bbox 326 1341 429 1366; x_wconf 89' lang='lat' dir='ltr'>nunc</span> <span class='ocrx_word' id='word_1_118' title='bbox 459 1329 619 1367; x_wconf 86' lang='lat' dir='ltr'>alteram</span> <span class='ocrx_word' id='word_1_119' title='bbox 650 1333 810 1378; x_wconf 86' lang='lat' dir='ltr'>tangere</span> <span class='ocrx_word' id='word_1_120' title='bbox 851 1329 945 1366; x_wconf 89' lang='lat' dir='ltr'>mihi</span> <span class='ocrx_word' id='word_1_121' title='bbox 979 1330 1220 1378; x_wconf 87' lang='lat' dir='ltr'>propositum</span> <span class='ocrx_word' id='word_1_122' title='bbox 1255 1333 1322 1368; x_wconf 90' lang='lat' dir='ltr'>est.</span> <span class='ocrx_word' id='word_1_123' title='bbox 1383 1331 1517 1379; x_wconf 84' lang='lat' dir='ltr'>Capite</span> <span class='ocrx_word' id='word_1_124' title='bbox 1548 1330 1610 1367; x_wconf 90' lang='lat' dir='ltr'>IX</span> <span class='ocrx_word' id='word_1_125' title='bbox 1641 1331 1745 1382; x_wconf 84' lang='lat' dir='ltr'>(pag.</span> 
     </span>
     <span class='ocr_line' id='line_1_18' title="bbox 328 1397 1746 1448; baseline 0.001 -14"><span class='ocrx_word' id='word_1_126' title='bbox 328 1398 562 1448; x_wconf 85' lang='lat'>105—111)</span> <span class='ocrx_word' id='word_1_127' title='bbox 593 1398 674 1446; x_wconf 82' lang='lat' dir='ltr'>agit</span> <span class='ocrx_word' id='word_1_128' title='bbox 696 1398 890 1435; x_wconf 78' lang='lat' dir='ltr'>Mettauer</span> <span class='ocrx_word' id='word_1_129' title='bbox 922 1399 981 1447; x_wconf 54' lang='lat' dir='ltr'>‘de</span> <span class='ocrx_word' id='word_1_130' title='bbox 1012 1397 1311 1447; x_wconf 84' lang='lat' dir='ltr'>prouerbiorum</span> <span class='ocrx_word' id='word_1_131' title='bbox 1341 1398 1540 1436; x_wconf 79' lang='lat' dir='ltr'>fontibus&#39;.</span> <span class='ocrx_word' id='word_1_132' title='bbox 1601 1399 1746 1437; x_wconf 85' lang='lat' dir='ltr'>Mirum</span> 
     </span>
     <span class='ocr_line' id='line_1_19' title="bbox 324 1464 1746 1518; baseline 0.004 -17"><span class='ocrx_word' id='word_1_133' title='bbox 324 1464 505 1502; x_wconf 89' lang='lat' dir='ltr'>uideatur</span> <span class='ocrx_word' id='word_1_134' title='bbox 543 1466 588 1503; x_wconf 90' lang='lat' dir='ltr'>de</span> <span class='ocrx_word' id='word_1_135' title='bbox 628 1466 786 1503; x_wconf 91' lang='lat' dir='ltr'>scholiis</span> <span class='ocrx_word' id='word_1_136' title='bbox 825 1466 1039 1504; x_wconf 85' lang='lat' dir='ltr'>Platonicis</span> <span class='ocrx_word' id='word_1_137' title='bbox 1078 1466 1186 1517; x_wconf 89' lang='lat' dir='ltr'>loqui</span> <span class='ocrx_word' id='word_1_138' title='bbox 1226 1470 1423 1518; x_wconf 83' lang='lat' dir='ltr'>tamquam</span> <span class='ocrx_word' id='word_1_139' title='bbox 1465 1470 1594 1505; x_wconf 88' lang='lat' dir='ltr'>essent</span> <span class='ocrx_word' id='word_1_140' title='bbox 1630 1467 1746 1506; x_wconf 90' lang='lat' dir='ltr'>unius</span> 
     </span>
     <span class='ocr_line' id='line_1_20' title="bbox 324 1533 1747 1586; baseline 0.003 -16"><span class='ocrx_word' id='word_1_141' title='bbox 324 1533 399 1570; x_wconf 89' lang='lat' dir='ltr'>uiri</span> <span class='ocrx_word' id='word_1_142' title='bbox 431 1547 528 1582; x_wconf 89' lang='lat' dir='ltr'>opus</span> <span class='ocrx_word' id='word_1_143' title='bbox 558 1534 622 1570; x_wconf 90' lang='lat' dir='ltr'>uel</span> <span class='ocrx_word' id='word_1_144' title='bbox 653 1547 702 1571; x_wconf 84' lang='lat' dir='ltr'>ex</span> <span class='ocrx_word' id='word_1_145' title='bbox 732 1535 876 1572; x_wconf 89' lang='lat' dir='ltr'>eisdem</span> <span class='ocrx_word' id='word_1_146' title='bbox 909 1536 949 1571; x_wconf 91' lang='lat' dir='ltr'>in</span> <span class='ocrx_word' id='word_1_147' title='bbox 982 1534 1146 1583; x_wconf 87' lang='lat' dir='ltr'>singulis</span> <span class='ocrx_word' id='word_1_148' title='bbox 1176 1535 1293 1572; x_wconf 88' lang='lat' dir='ltr'>rebus</span> <span class='ocrx_word' id='word_1_149' title='bbox 1322 1535 1498 1573; x_wconf 89' lang='lat' dir='ltr'>fontibus</span> <span class='ocrx_word' id='word_1_150' title='bbox 1530 1536 1747 1586; x_wconf 85' lang='lat' dir='ltr'>compilata.</span> 
     </span>
    </p>

    <p class='ocr_par' dir='ltr' id='par_1_6' title="bbox 326 1601 1809 2740">
     <span class='ocr_line' id='line_1_21' title="bbox 438 1601 1748 1653; baseline 0.002 -14"><span class='ocrx_word' id='word_1_151' title='bbox 438 1601 500 1639; x_wconf 79' lang='lat' dir='ltr'>Sic</span> <span class='ocrx_word' id='word_1_152' title='bbox 539 1602 584 1639; x_wconf 89' lang='lat' dir='ltr'>de</span> <span class='ocrx_word' id='word_1_153' title='bbox 625 1602 783 1640; x_wconf 84' lang='lat' dir='ltr'>scholiis</span> <span class='ocrx_word' id='word_1_154' title='bbox 827 1615 926 1653; x_wconf 88' lang='lat' dir='ltr'>quae</span> <span class='ocrx_word' id='word_1_155' title='bbox 966 1602 1256 1651; x_wconf 85' lang='lat' dir='ltr'>philosophiam</span> <span class='ocrx_word' id='word_1_156' title='bbox 1288 1603 1531 1641; x_wconf 87' lang='lat' dir='ltr'>Platonicam</span> <span class='ocrx_word' id='word_1_157' title='bbox 1569 1604 1748 1643; x_wconf 85' lang='lat' dir='ltr'>adtinent</span> 
     </span>
     <span class='ocr_line' id='line_1_22' title="bbox 326 1669 1747 1722; baseline 0.003 -16"><span class='ocrx_word' id='word_1_158' title='bbox 326 1669 453 1707; x_wconf 88' lang='lat' dir='ltr'>dicere</span> <span class='ocrx_word' id='word_1_159' title='bbox 484 1683 561 1707; x_wconf 87' lang='lat' dir='ltr'>non</span> <span class='ocrx_word' id='word_1_160' title='bbox 594 1670 694 1717; x_wconf 90' lang='lat' dir='ltr'>licet,</span> <span class='ocrx_word' id='word_1_161' title='bbox 726 1671 764 1707; x_wconf 93' lang='lat' dir='ltr'>id</span> <span class='ocrx_word' id='word_1_162' title='bbox 792 1672 895 1722; x_wconf 91' lang='lat' dir='ltr'>quod</span> <span class='ocrx_word' id='word_1_163' title='bbox 928 1671 1073 1719; x_wconf 86' lang='lat' dir='ltr'>optime</span> <span class='ocrx_word' id='word_1_164' title='bbox 1095 1672 1290 1709; x_wconf 82' lang='lat' dir='ltr'>Mettauer</span> <span class='ocrx_word' id='word_1_165' title='bbox 1321 1672 1601 1720; x_wconf 88' lang='lat' dir='ltr'>comprobauit.</span> <span class='ocrx_word' id='word_1_166' title='bbox 1646 1673 1747 1710; x_wconf 85' lang='lat' dir='ltr'>Con·</span> 
     </span>
     <span class='ocr_line' id='line_1_23' title="bbox 326 1739 1748 1787; baseline 0.002 -12"><span class='ocrx_word' id='word_1_167' title='bbox 326 1741 403 1776; x_wconf 87' lang='lat' dir='ltr'>stat</span> <span class='ocrx_word' id='word_1_168' title='bbox 441 1741 568 1775; x_wconf 81' lang='lat' dir='ltr'>autem</span> <span class='ocrx_word' id='word_1_169' title='bbox 606 1743 710 1776; x_wconf 87' lang='lat' dir='ltr'>certo</span> <span class='ocrx_word' id='word_1_170' title='bbox 750 1742 924 1787; x_wconf 86' lang='lat' dir='ltr'>tempore</span> <span class='ocrx_word' id='word_1_171' title='bbox 964 1752 1083 1776; x_wconf 92' lang='lat' dir='ltr'>unum</span> <span class='ocrx_word' id='word_1_172' title='bbox 1124 1739 1251 1776; x_wconf 89' lang='lat' dir='ltr'>uirum</span> <span class='ocrx_word' id='word_1_173' title='bbox 1290 1740 1589 1777; x_wconf 88' lang='lat' dir='ltr'>commentarios</span> <span class='ocrx_word' id='word_1_174' title='bbox 1619 1740 1748 1778; x_wconf 87' lang='lat' dir='ltr'>uarios</span> 
     </span>
     <span class='ocr_line' id='line_1_24' title="bbox 326 1806 1747 1858; baseline 0.001 -14"><span class='ocrx_word' id='word_1_175' title='bbox 326 1806 552 1855; x_wconf 88' lang='lat' dir='ltr'>compilasse</span> <span class='ocrx_word' id='word_1_176' title='bbox 586 1819 628 1844; x_wconf 83' lang='lat' dir='ltr'>ac</span> <span class='ocrx_word' id='word_1_177' title='bbox 659 1810 791 1844; x_wconf 88' lang='lat' dir='ltr'>nostra</span> <span class='ocrx_word' id='word_1_178' title='bbox 823 1807 969 1844; x_wconf 89' lang='lat' dir='ltr'>scholia</span> <span class='ocrx_word' id='word_1_179' title='bbox 1002 1807 1288 1856; x_wconf 87' lang='lat' dir='ltr'>conscripsisse.</span> <span class='ocrx_word' id='word_1_180' title='bbox 1348 1807 1424 1845; x_wconf 90' lang='lat' dir='ltr'>Hic</span> <span class='ocrx_word' id='word_1_181' title='bbox 1446 1812 1600 1857; x_wconf 86' lang='lat' dir='ltr'>praeter</span> <span class='ocrx_word' id='word_1_182' title='bbox 1621 1808 1747 1858; x_wconf 87' lang='lat' dir='ltr'>philo-</span> 
     </span>
     <span class='ocr_line' id='line_1_25' title="bbox 327 1861 1809 1925; baseline 0.002 -14"><span class='ocrx_word' id='word_1_183' title='bbox 327 1875 501 1923; x_wconf 88' lang='lat' dir='ltr'>sophiam</span> <span class='ocrx_word' id='word_1_184' title='bbox 542 1874 713 1911; x_wconf 85' lang='lat' dir='ltr'>animnm</span> <span class='ocrx_word' id='word_1_185' title='bbox 754 1875 928 1912; x_wconf 88' lang='lat' dir='ltr'>admouit</span> <span class='ocrx_word' id='word_1_186' title='bbox 959 1875 1074 1913; x_wconf 86' lang='lat' dir='ltr'>etiam</span> <span class='ocrx_word' id='word_1_187' title='bbox 1108 1889 1192 1913; x_wconf 90' lang='lat' dir='ltr'>cum</span> <span class='ocrx_word' id='word_1_188' title='bbox 1224 1876 1496 1925; x_wconf 84' lang='lat' dir='ltr'>geographicis</span> <span class='ocrx_word' id='word_1_189' title='bbox 1526 1880 1565 1914; x_wconf 90' lang='lat' dir='ltr'>et</span> <span class='ocrx_word' id='word_1_190' title='bbox 1594 1876 1746 1925; x_wconf 86' lang='lat' dir='ltr'>biogra-</span> <span class='ocrx_word' id='word_1_191' title='bbox 1790 1861 1809 1898; x_wconf 59' lang='lat'><em>5</em></span> 
     </span>
     <span class='ocr_line' id='line_1_26' title="bbox 327 1942 1749 1992; baseline 0.004 -14"><span class='ocrx_word' id='word_1_192' title='bbox 327 1942 452 1991; x_wconf 87' lang='lat' dir='ltr'>phicis</span> <span class='ocrx_word' id='word_1_193' title='bbox 482 1943 598 1979; x_wconf 85' lang='lat' dir='ltr'>rebus</span> <span class='ocrx_word' id='word_1_194' title='bbox 639 1955 671 1980; x_wconf 88' lang='lat' dir='ltr'>e.</span> <span class='ocrx_word' id='word_1_195' title='bbox 693 1956 727 1990; x_wconf 88' lang='lat' dir='ltr'>g.</span> <span class='ocrx_word' id='word_1_196' title='bbox 760 1948 842 1981; x_wconf 92' lang='lat' dir='ltr'>tum</span> <span class='ocrx_word' id='word_1_197' title='bbox 873 1944 1104 1992; x_wconf 85' lang='lat' dir='ltr'>prouerbiis.</span> <span class='ocrx_word' id='word_1_198' title='bbox 1168 1944 1285 1982; x_wconf 89' lang='lat' dir='ltr'>Velut</span> <span class='ocrx_word' id='word_1_199' title='bbox 1322 1944 1363 1981; x_wconf 89' lang='lat' dir='ltr'>in</span> <span class='ocrx_word' id='word_1_200' title='bbox 1403 1944 1481 1982; x_wconf 90' lang='lat' dir='ltr'>illis</span> <span class='ocrx_word' id='word_1_201' title='bbox 1511 1945 1668 1983; x_wconf 88' lang='lat' dir='ltr'>Niesius</span> <span class='ocrx_word' id='word_1_202' title='bbox 1709 1949 1749 1983; x_wconf 87' lang='lat' dir='ltr'>et</span> 
     </span>
     <span class='ocr_line' id='line_1_27' title="bbox 328 2011 1747 2062; baseline 0.003 -15"><span class='ocrx_word' id='word_1_203' title='bbox 328 2011 522 2048; x_wconf 84' lang='lat' dir='ltr'>Mettauer</span> <span class='ocrx_word' id='word_1_204' title='bbox 553 2023 673 2047; x_wconf 90' lang='lat' dir='ltr'>unum</span> <span class='ocrx_word' id='word_1_205' title='bbox 699 2012 943 2062; x_wconf 86' lang='lat' dir='ltr'>eundemque</span> <span class='ocrx_word' id='word_1_206' title='bbox 974 2012 1119 2062; x_wconf 87' lang='lat' dir='ltr'>ubique</span> <span class='ocrx_word' id='word_1_207' title='bbox 1143 2012 1263 2049; x_wconf 87' lang='lat' dir='ltr'>fuisse</span> <span class='ocrx_word' id='word_1_208' title='bbox 1286 2012 1435 2050; x_wconf 86' lang='lat' dir='ltr'>fontem</span> <span class='ocrx_word' id='word_1_209' title='bbox 1458 2013 1747 2051; x_wconf 88' lang='lat' dir='ltr'>demonstraue-</span> 
     </span>
     <span class='ocr_line' id='line_1_28' title="bbox 327 2078 1750 2127; baseline 0.004 -13"><span class='ocrx_word' id='word_1_210' title='bbox 327 2083 430 2124; x_wconf 87' lang='lat' dir='ltr'>runt,</span> <span class='ocrx_word' id='word_1_211' title='bbox 462 2078 517 2115; x_wconf 88' lang='lat' dir='ltr'>ita</span> <span class='ocrx_word' id='word_1_212' title='bbox 531 2078 571 2115; x_wconf 91' lang='lat' dir='ltr'>in</span> <span class='ocrx_word' id='word_1_213' title='bbox 589 2079 886 2127; x_wconf 87' lang='lat' dir='ltr'>prouerbiorum</span> <span class='ocrx_word' id='word_1_214' title='bbox 903 2080 1078 2117; x_wconf 87' lang='lat' dir='ltr'>fontibus</span> <span class='ocrx_word' id='word_1_215' title='bbox 1095 2080 1325 2127; x_wconf 82' lang='lat' dir='ltr'>indagandis</span> <span class='ocrx_word' id='word_1_216' title='bbox 1340 2093 1419 2117; x_wconf 88' lang='lat' dir='ltr'>non</span> <span class='ocrx_word' id='word_1_217' title='bbox 1436 2080 1550 2118; x_wconf 91' lang='lat' dir='ltr'>nimis</span> <span class='ocrx_word' id='word_1_218' title='bbox 1567 2082 1750 2119; x_wconf 86' lang='lat' dir='ltr'>audacter</span> 
     </span>
     <span class='ocr_line' id='line_1_29' title="bbox 328 2147 1746 2199; baseline 0.001 -16"><span class='ocrx_word' id='word_1_219' title='bbox 328 2150 367 2183; x_wconf 89' lang='lat' dir='ltr'>et</span> <span class='ocrx_word' id='word_1_220' title='bbox 397 2150 541 2184; x_wconf 87' lang='lat' dir='ltr'>temere</span> <span class='ocrx_word' id='word_1_221' title='bbox 573 2147 755 2195; x_wconf 81' lang='lat' dir='ltr'>progredi</span> <span class='ocrx_word' id='word_1_222' title='bbox 786 2147 994 2194; x_wconf 80' lang='lat' dir='ltr'>uidebitur,</span> <span class='ocrx_word' id='word_1_223' title='bbox 1028 2148 1093 2198; x_wconf 87' lang='lat' dir='ltr'>qui</span> <span class='ocrx_word' id='word_1_224' title='bbox 1126 2149 1279 2184; x_wconf 87' lang='lat' dir='ltr'>eosdem</span> <span class='ocrx_word' id='word_1_225' title='bbox 1311 2148 1456 2199; x_wconf 90' lang='lat' dir='ltr'>ubique</span> <span class='ocrx_word' id='word_1_226' title='bbox 1488 2149 1551 2185; x_wconf 88' lang='lat' dir='ltr'>uel</span> <span class='ocrx_word' id='word_1_227' title='bbox 1582 2149 1746 2186; x_wconf 84' lang='lat' dir='ltr'>eundem</span> 
     </span>
     <span class='ocr_line' id='line_1_30' title="bbox 328 2214 1746 2264; baseline 0.004 -14"><span class='ocrx_word' id='word_1_228' title='bbox 328 2214 475 2251; x_wconf 85' lang='lat' dir='ltr'>fontem</span> <span class='ocrx_word' id='word_1_229' title='bbox 508 2214 725 2252; x_wconf 88' lang='lat' dir='ltr'>adhibitum</span> <span class='ocrx_word' id='word_1_230' title='bbox 758 2227 840 2252; x_wconf 88' lang='lat' dir='ltr'>esse</span> <span class='ocrx_word' id='word_1_231' title='bbox 871 2228 984 2264; x_wconf 87' lang='lat' dir='ltr'>posse</span> <span class='ocrx_word' id='word_1_232' title='bbox 1015 2215 1246 2264; x_wconf 84' lang='lat' dir='ltr'>suspicetur.</span> <span class='ocrx_word' id='word_1_233' title='bbox 1306 2216 1468 2253; x_wconf 89' lang='lat' dir='ltr'>Minime</span> <span class='ocrx_word' id='word_1_234' title='bbox 1490 2230 1582 2255; x_wconf 84' lang='lat' dir='ltr'>uero</span> <span class='ocrx_word' id='word_1_235' title='bbox 1608 2216 1746 2264; x_wconf 88' lang='lat' dir='ltr'>ignoro</span> 
     </span>
     <span class='ocr_line' id='line_1_31' title="bbox 330 2282 1747 2332; baseline 0.004 -15"><span class='ocrx_word' id='word_1_236' title='bbox 330 2282 565 2320; x_wconf 86' lang='lat' dir='ltr'>dubitationi</span> <span class='ocrx_word' id='word_1_237' title='bbox 604 2283 757 2331; x_wconf 83' lang='lat' dir='ltr'>saepius</span> <span class='ocrx_word' id='word_1_238' title='bbox 798 2283 878 2319; x_wconf 84' lang='lat' dir='ltr'>dari</span> <span class='ocrx_word' id='word_1_239' title='bbox 917 2295 1030 2332; x_wconf 91' lang='lat' dir='ltr'>posse</span> <span class='ocrx_word' id='word_1_240' title='bbox 1071 2283 1216 2330; x_wconf 90' lang='lat' dir='ltr'>locum,</span> <span class='ocrx_word' id='word_1_241' title='bbox 1260 2284 1337 2321; x_wconf 90' lang='lat' dir='ltr'>scio</span> <span class='ocrx_word' id='word_1_242' title='bbox 1371 2284 1539 2322; x_wconf 88' lang='lat' dir='ltr'>dubitari</span> <span class='ocrx_word' id='word_1_243' title='bbox 1572 2285 1618 2322; x_wconf 82' lang='lat' dir='ltr'>de</span> <span class='ocrx_word' id='word_1_244' title='bbox 1649 2299 1747 2323; x_wconf 91' lang='lat' dir='ltr'>non-</span> 
     </span>
     <span class='ocr_line' id='line_1_32' title="bbox 329 2349 1747 2401; baseline 0.004 -15"><span class='ocrx_word' id='word_1_245' title='bbox 329 2349 447 2386; x_wconf 88' lang='lat' dir='ltr'>nullis</span> <span class='ocrx_word' id='word_1_246' title='bbox 469 2351 594 2396; x_wconf 88' lang='lat' dir='ltr'>rebus,</span> <span class='ocrx_word' id='word_1_247' title='bbox 628 2363 723 2401; x_wconf 81' lang='lat' dir='ltr'>quas</span> <span class='ocrx_word' id='word_1_248' title='bbox 753 2364 803 2387; x_wconf 81' lang='lat' dir='ltr'>ex</span> <span class='ocrx_word' id='word_1_249' title='bbox 834 2351 1129 2399; x_wconf 86' lang='lat' dir='ltr'>prouerbiorum</span> <span class='ocrx_word' id='word_1_250' title='bbox 1160 2352 1200 2388; x_wconf 88' lang='lat' dir='ltr'>in</span> <span class='ocrx_word' id='word_1_251' title='bbox 1234 2352 1391 2390; x_wconf 88' lang='lat' dir='ltr'>scholiis</span> <span class='ocrx_word' id='word_1_252' title='bbox 1413 2353 1510 2390; x_wconf 87' lang='lat' dir='ltr'>Plat.</span> <span class='ocrx_word' id='word_1_253' title='bbox 1545 2367 1629 2391; x_wconf 88' lang='lat' dir='ltr'>cum</span> <span class='ocrx_word' id='word_1_254' title='bbox 1660 2354 1747 2392; x_wconf 85' lang='lat' dir='ltr'>aliis</span> 
     </span>
     <span class='ocr_line' id='line_1_33' title="bbox 328 2418 1748 2468; baseline 0.003 -14"><span class='ocrx_word' id='word_1_255' title='bbox 328 2430 464 2466; x_wconf 83' lang='lat' dir='ltr'>provv.</span> <span class='ocrx_word' id='word_1_256' title='bbox 487 2418 686 2456; x_wconf 83' lang='lat' dir='ltr'>adfinitate</span> <span class='ocrx_word' id='word_1_257' title='bbox 719 2419 914 2466; x_wconf 83' lang='lat' dir='ltr'>conligere</span> <span class='ocrx_word' id='word_1_258' title='bbox 945 2419 1046 2466; x_wconf 78' lang='lat' dir='ltr'>uolo,</span> <span class='ocrx_word' id='word_1_259' title='bbox 1078 2420 1144 2456; x_wconf 88' lang='lat' dir='ltr'>sed</span> <span class='ocrx_word' id='word_1_260' title='bbox 1175 2421 1368 2468; x_wconf 86' lang='lat' dir='ltr'>proferam</span> <span class='ocrx_word' id='word_1_261' title='bbox 1401 2421 1570 2468; x_wconf 83' lang='lat' dir='ltr'>cogitata</span> <span class='ocrx_word' id='word_1_262' title='bbox 1599 2434 1685 2458; x_wconf 86' lang='lat' dir='ltr'>mea</span> <span class='ocrx_word' id='word_1_263' title='bbox 1704 2434 1748 2459; x_wconf 87' lang='lat' dir='ltr'>ac</span> 
     </span>
     <span class='ocr_line' id='line_1_34' title="bbox 330 2485 1746 2539; baseline 0.004 -18"><span class='ocrx_word' id='word_1_264' title='bbox 330 2498 442 2533; x_wconf 85' lang='lat' dir='ltr'>spero</span> <span class='ocrx_word' id='word_1_265' title='bbox 474 2485 640 2522; x_wconf 88' lang='lat' dir='ltr'>certiora</span> <span class='ocrx_word' id='word_1_266' title='bbox 664 2487 818 2537; x_wconf 85' lang='lat' dir='ltr'>quidem</span> <span class='ocrx_word' id='word_1_267' title='bbox 850 2488 1103 2524; x_wconf 79' lang='lat' dir='ltr'>fundamenta</span> <span class='ocrx_word' id='word_1_268' title='bbox 1134 2488 1224 2525; x_wconf 87' lang='lat' dir='ltr'>huic</span> <span class='ocrx_word' id='word_1_269' title='bbox 1249 2489 1469 2539; x_wconf 87' lang='lat' dir='ltr'>quaestioni</span> <span class='ocrx_word' id='word_1_270' title='bbox 1501 2502 1561 2525; x_wconf 87' lang='lat' dir='ltr'>me</span> <span class='ocrx_word' id='word_1_271' title='bbox 1591 2502 1746 2537; x_wconf 87' lang='lat' dir='ltr'>parasse</span> 
     </span>
     <span class='ocr_line' id='line_1_35' title="bbox 330 2554 1746 2603; baseline 0.004 -15"><span class='ocrx_word' id='word_1_272' title='bbox 330 2565 443 2603; x_wconf 82' lang='lat' dir='ltr'>quam</span> <span class='ocrx_word' id='word_1_273' title='bbox 478 2566 542 2589; x_wconf 81' lang='lat' dir='ltr'>eos</span> <span class='ocrx_word' id='word_1_274' title='bbox 575 2554 638 2603; x_wconf 90' lang='lat' dir='ltr'>qui</span> <span class='ocrx_word' id='word_1_275' title='bbox 672 2555 796 2591; x_wconf 84' lang='lat' dir='ltr'>adhuc</span> <span class='ocrx_word' id='word_1_276' title='bbox 828 2555 898 2592; x_wconf 85' lang='lat' dir='ltr'>hac</span> <span class='ocrx_word' id='word_1_277' title='bbox 928 2555 967 2591; x_wconf 90' lang='lat' dir='ltr'>in</span> <span class='ocrx_word' id='word_1_278' title='bbox 996 2568 1037 2591; x_wconf 87' lang='lat' dir='ltr'>re</span> <span class='ocrx_word' id='word_1_279' title='bbox 1069 2556 1366 2593; x_wconf 70' lang='lat' dir='ltr'>desudauerunt.</span> <span class='ocrx_word' id='word_1_280' title='bbox 1426 2557 1557 2594; x_wconf 73' lang='lat' dir='ltr'>Redeo</span> <span class='ocrx_word' id='word_1_281' title='bbox 1580 2557 1624 2593; x_wconf 86' lang='lat' dir='ltr'>ad</span> <span class='ocrx_word' id='word_1_282' title='bbox 1648 2556 1746 2594; x_wconf 88' lang='lat' dir='ltr'>Met-</span> 
     </span>
     <span class='ocr_line' id='line_1_36' title="bbox 329 2622 1748 2674; baseline 0.004 -16"><span class='ocrx_word' id='word_1_283' title='bbox 329 2626 516 2658; x_wconf 83' lang='lat' dir='ltr'>tauerum.</span> <span class='ocrx_word' id='word_1_284' title='bbox 578 2622 696 2658; x_wconf 82' lang='lat' dir='ltr'>Recto</span> <span class='ocrx_word' id='word_1_285' title='bbox 729 2623 857 2660; x_wconf 81' lang='lat' dir='ltr'>statim</span> <span class='ocrx_word' id='word_1_286' title='bbox 890 2628 1024 2661; x_wconf 84' lang='lat' dir='ltr'>contra</span> <span class='ocrx_word' id='word_1_287' title='bbox 1047 2623 1189 2660; x_wconf 77' lang='lat' dir='ltr'>Nabcri</span> <span class='ocrx_word' id='word_1_288' title='bbox 1222 2625 1455 2662; x_wconf 86' lang='lat' dir='ltr'>sententiam</span> <span class='ocrx_word' id='word_1_289' title='bbox 1485 2637 1598 2672; x_wconf 83' lang='lat' dir='ltr'>agere</span> <span class='ocrx_word' id='word_1_290' title='bbox 1619 2624 1748 2674; x_wconf 86' lang='lat' dir='ltr'>coepit</span> 
     </span>
     <span class='ocr_line' id='line_1_37' title="bbox 330 2688 1746 2740; baseline 0.004 -16"><span class='ocrx_word' id='word_1_291' title='bbox 330 2688 552 2739; x_wconf 82' lang='lat' dir='ltr'>finibusque</span> <span class='ocrx_word' id='word_1_292' title='bbox 574 2689 862 2736; x_wconf 83' lang='lat' dir='ltr'>angustioribus</span> <span class='ocrx_word' id='word_1_293' title='bbox 885 2692 967 2727; x_wconf 89' lang='lat' dir='ltr'>eius</span> <span class='ocrx_word' id='word_1_294' title='bbox 990 2691 1213 2740; x_wconf 81' lang='lat' dir='ltr'>opinionem</span> <span class='ocrx_word' id='word_1_295' title='bbox 1235 2691 1527 2730; x_wconf 88' lang='lat' dir='ltr'>circumscribit.</span> <span class='ocrx_word' id='word_1_296' title='bbox 1570 2692 1746 2730; x_wconf 82' lang='lat' dir='ltr'>Naberus</span> 
     </span>
    </p>
   </div>
   <div class='ocr_carea' id='block_1_5' title="bbox 1899 0 1951 2915">
    <p class='ocr_par' dir='ltr' id='par_1_7' title="bbox 1899 0 1951 2915">
     <span class='ocr_line' id='line_1_38' title="bbox 1899 0 1951 2915; baseline 0 0"><span class='ocrx_word' id='word_1_297' title='bbox 1899 0 1951 2915; x_wconf 95' lang='lat' dir='ltr'> </span> 
     </span>
    </p>
   </div>
   <div class='ocr_carea' id='block_1_6' title="bbox 1076 3167 1951 3203">
    <p class='ocr_par' dir='ltr' id='par_1_8' title="bbox 1076 3167 1951 3203">
     <span class='ocr_line' id='line_1_39' title="bbox 1076 3167 1951 3203; baseline 0 0"><span class='ocrx_word' id='word_1_298' title='bbox 1076 3167 1951 3203; x_wconf 95' lang='lat' dir='ltr'> </span> 
     </span>
    </p>
   </div>
  </div>
 </body>
</html>
