1951 3203
358 957 392 992 1.

352 2115 388 2149 4.

352 2249 388 2285 5.

355 2385 390 2420 6.

684 737 975 786 Sententiae
1012 743 1383 788 controversae.

436 954 615 1004 Dionysii
638 954 815 1004 Scytobr.
838 955 969 1004 copias
998 955 1040 993 in
1072 955 1229 994 scholiis
1253 955 1453 1005 Apollonii
1475 956 1621 995 Rhodii
1647 957 1746 995 mul-

436 1025 518 1059 tum
549 1034 652 1068 esse,
693 1021 888 1060 adhibitas
920 1026 1082 1062 constat.
1142 1024 1343 1062 Contendo
1383 1037 1405 1061 a
1436 1023 1594 1062 Theone
1632 1025 1741 1063 illum

437 1090 687 1139 compilatum
710 1102 804 1137 esse,
837 1090 1001 1129 conlatis
1028 1090 1065 1141 1)
1096 1091 1254 1129 scholiis
1275 1091 1528 1138 Theocriteis,
1559 1092 1600 1142 2)
1623 1092 1743 1131 schol.

436 1157 786 1207 Pind.Pyth.1V,
832 1157 870 1207 3)
902 1159 1033 1197 Valeri
1065 1159 1193 1197 Flacci
1226 1160 1414 1207 carmine,
1452 1159 1622 1199 Theonis
1653 1159 1744 1198 dein

435 1226 582 1263 scholia
604 1226 646 1262 in
668 1226 827 1264 breuius
858 1226 1055 1276 redegisse
1076 1227 1321 1276 Sophoclem,
1353 1227 1518 1266 alterum
1540 1228 1743 1278 Apollonii

434 1294 579 1332 Rhodii
611 1298 967 1333 commentatorem.

434 1362 638 1411 Sophoclis
679 1364 996 1401 commentatoris
1037 1366 1143 1402 aetas
1183 1363 1238 1402 ita
1281 1363 1632 1402 circumscribitur:
1675 1376 1745 1413 per

436 1431 556 1468 Orum
586 1431 628 1468 in
649 1430 838 1480 Stephani
861 1432 955 1482 Byz.
987 1432 1129 1469 librum
1159 1431 1357 1481 peruenit;
1390 1432 1492 1470 idem
1516 1433 1747 1470 obuersatur

435 1500 598 1537 Irenaeo
630 1499 672 1536 in
704 1499 823 1537 schol.
847 1499 976 1549 Apoll.
1001 1500 1127 1537 Rhod.
1151 1500 1204 1547 II,
1229 1503 1309 1537 992
1341 1500 1403 1550 (cl.
1427 1500 1561 1549 Steph.
1593 1513 1629 1539 v.
1661 1493 1746 1538 Ἀκ-

435 1566 579 1617 μονία).

432 1636 479 1672 In
520 1635 663 1673 nostris
700 1635 858 1673 scholiis
898 1635 1100 1684 Apollonii
1139 1636 1285 1673 Rhodii
1324 1636 1524 1685 complura
1561 1648 1745 1685 peruerse

435 1703 635 1742 conlocata
666 1707 777 1741 sunt:
820 1716 851 1741 e.
874 1717 909 1752 g.
941 1704 995 1750 ΙΙ,
1019 1707 1098 1740 946
1135 1697 1173 1758 ‘o‘
1205 1700 1245 1741 δὲ
1283 1699 1403 1752 Τήϊος
1425 1698 1605 1754 ’Ἄνδρων
1636 1732 1644 1740 .
1668 1732 1676 1741 .
1699 1732 1708 1741 .
1735 1732 1743 1741 .

438 1767 559 1809 πολλοὶ
599 1767 805 1809 πίνουσαν’
840 1785 942 1821 pone
981 1775 1071 1821 post
1107 1772 1229 1809 uerba
1267 1767 1335 1809 τόν
1372 1768 1744 1822 προσαγορευθέντα

435 1834 581 1890 Σύρον,
615 1852 733 1891 quare
755 1843 794 1878 et
814 1840 939 1877 bonus
961 1852 1133 1877 conexus
1164 1839 1334 1878 efficitur
1365 1843 1403 1878 et
1433 1839 1577 1877 malum
1608 1839 1743 1878 discri-

433 1920 522 1945 men
554 1909 716 1946 duorum
747 1908 788 1944 in
820 1908 955 1945 eodem
987 1907 1133 1946 scholio
1157 1908 1386 1946 Andronum
1417 1906 1581 1955 tollitur,
1613 1908 1677 1946 uel
1712 1908 1744 1955 I,

435 1977 512 2013 917
554 1990 633 2015 non
674 1975 809 2014 dubito
849 1976 944 2027 quin
984 1977 1106 2013 uerba
1135 1970 1355 2025 Ἀθηνικῶν
1529 1970 1742 2027 Δάρδανος

436 2044 583 2082 scholio
616 2044 866 2094 praecedenti
898 2043 1102 2092 adfigenda
1133 2044 1221 2082 sint.

432 2111 558 2150 Schol.
591 2113 721 2162 Apoll.
753 2112 879 2149 Rhod.
908 2112 988 2158 IV,
1021 2116 1101 2149 286
1133 2112 1199 2149 fin.
1239 2112 1325 2160 lege
1361 2107 1634 2165 ‘quocnpt'av'
1669 2124 1739 2162 pro

435 2175 712 2236 ‘Tvppnvzmjv’
749 2176 811 2231 (cl.
840 2179 969 2229 Apoll.
995 2180 1121 2218 Rhod.
1143 2180 1213 2226 IV,
1237 2179 1460 2228 284—93).

435 2248 566 2286 Orion.
597 2262 635 2298 p.
658 2251 709 2285 94
742 2247 816 2298 (ed.
840 2247 984 2298 Sturz.)
1025 2261 1053 2285 s.
1075 2261 1111 2286 v.
1144 2242 1263 2298 λα’ρυξ
1294 2247 1349 2285 sic
1378 2247 1740 2297 interpungendum

435 2329 595 2354 censeo:
625 2311 764 2366 λάρυξ·
797 2310 963 2364 ὁμοίως·
996 2311 1061 2353 διὰ
1091 2311 1164 2367 γάρ
1197 2310 1345 2353 τούτων
1376 2329 1408 2353 e.
1431 2329 1469 2367 q.
1492 2330 1520 2354 s.

435 2384 710 2434 Etymologum
754 2384 940 2432 Magnum
984 2396 1097 2421 usum
1143 2396 1226 2422 esse
1271 2386 1365 2433 puto
1410 2383 1568 2421 Orionis
1611 2382 1739 2421 lexico

437 2451 573 2498 glossis
603 2451 883 2500 marginalibus
913 2451 990 2489 iam
1020 2451 1321 2501 interpolatum:
1363 2451 1410 2489 cf.
1441 2452 1562 2489 uerba
1592 2451 1654 2490 Et.
1686 2451 1738 2487 M.

439 2519 529 2565 647,
554 2523 603 2556 30
638 2513 800 2573 (ὁμοίως
830 2517 896 2557 καὶ
928 2520 995 2568 τῆς
1025 2515 1270 2568 παλαιστῆς’,
1316 2531 1416 2571 quae
1456 2519 1555 2557 male
1593 2519 1740 2557 inserta

437 2599 519 2624 esse
542 2587 693 2636 conligo
716 2601 766 2625 ex
786 2580 1038 2626 adnotatione
1068 2587 1137 2625 illa
1166 2600 1270 2625 nunc
1295 2600 1315 2625 e
1337 2587 1511 2636 margine
1541 2587 1582 2625 in
1611 2587 1739 2636 ipsum

438 2654 622 2692 Orionem
644 2656 830 2695 translata
860 2670 895 2706 p.
917 2659 995 2694 130
1022 2670 1051 2695 s.
1068 2670 1104 2695 v.
1126 2651 1319 2705 παλαιστή
1350 2653 1529 2711 (ελέγεται
1553 2651 1594 2692 δὲ
1616 2649 1738 2704 δόχμη

438 2718 502 2761 ἐπὶ
533 2722 600 2772 τῆς
631 2723 852 2773 παλαιστῆς,
887 2717 940 2769 ὥς
967 2718 1157 2776 Σωρανός
1187 2719 1332 2775 λέγει’).
