1951 3203
166 280 502 323 Quemadmodum
531 280 656 330 igitur
684 280 750 318 hic
771 280 891 319 Duris
923 295 991 319 suo
1021 281 1108 320 iure
1129 282 1294 321 Zenobii
1325 282 1477 321 auctori

53 349 332 397 committitur,
373 363 453 388 non
490 350 619 388 facere
660 349 878 400 poterimus
910 350 1004 402 quin
1043 349 1150 388 idem
1182 353 1397 389 statuamus
1429 352 1477 389 de

52 418 204 458 Duride
233 418 276 456 in
306 418 434 456 Schol.
463 419 563 456 Plat.
596 419 638 456 in
659 419 850 470 Hippiam
880 418 1070 456 maiorem
1101 433 1139 468 p.
1163 422 1241 456 393
1274 420 1322 457 de
1352 415 1474 475 ‘Bam'

52 484 106 531 εἷς
137 481 361 536 Μακαρίαν’
393 490 718 534 commemorato,
759 487 827 525 ubi
858 486 989 537 priore
1021 490 1135 536 parte
1172 486 1277 525 idem
1314 487 1361 525 de
1392 488 1476 525 Ma-

52 555 156 594 caria
185 558 369 593 narratur
399 559 517 606 atque
558 556 600 592 in
632 556 740 593 codd.
771 556 916 593 Zenob.
939 555 1002 601 H,
1036 557 1084 592 61
1105 554 1199 605 ¹⁰4)
1231 554 1289 605 (M
1310 555 1366 601 ΙΙ,
1388 549 1475 604 ξζ’);

50 623 209 662 additur
250 624 354 675 quod
392 623 538 661 iterum
580 624 622 661 in
667 624 749 661 cod.
790 624 832 661 M
873 624 1098 672 neglectum
1141 626 1220 661 est:
1262 614 1394 679 ‘ai‘afflg
1434 619 1476 660 δὲ

50 692 364 743 καταχρηστικῶς
384 691 476 742 (om.
496 692 611 742 BUH)
634 689 697 728 καὶ
721 689 783 728 ἐπὶ
807 686 934 740 πάσης
956 685 1240 739 ἀφοσιώσεως’,·
1274 694 1473 742 postremo

51 765 182 800 autem
221 760 519 798 narratiuncula
561 774 580 798 e
620 759 769 798 Duride
811 761 858 798 de
901 774 973 797 usu
1016 760 1184 811 quodam
1215 760 1475 798 Macedonum

50 832 193 868 hausta
223 828 402 867 scholion
434 828 644 866 concludit.

163 897 352 940 Quamuis
392 899 468 935 hoc
506 898 593 935 1000
635 910 758 947 pauca
796 900 951 934 tantum
992 898 1114 934 uerba
1144 897 1174 933 P
1207 896 1271 946 (B)
1307 910 1401 947 prae
1432 898 1475 934 M

49 966 273 1013 retinuerit,
305 969 437 1004 tamen
469 965 625 1016 saepius
655 967 730 1003 hoc
760 965 847 1003 fieri
878 964 1054 1016 potuisse
1076 968 1211 1003 nostro
1242 964 1329 1003 iure
1353 964 1474 1003 conli-

49 1048 185 1083 gemus
217 1048 260 1072 ac
289 1048 395 1073 nune
425 1034 598 1072 redimus
630 1035 678 1071 ad
709 1047 821 1084 prov.
852 1033 972 1080 illud,
1015 1034 1061 1071 de
1093 1047 1168 1085 quo
1200 1033 1278 1071 iam
1315 1033 1359 1071 in
1390 1034 1474 1072 Ste-

48 1103 171 1155 phani
199 1104 295 1154 Byz.
327 1117 468 1154 provv.
499 1102 715 1140 tractandis
748 1102 915 1150 egimus,
950 1096 1133 1138 Γλαύκου
1164 1099 1273 1151 τέχνη
1302 1102 1395 1140 Zen.
1417 1103 1474 1148 II,

53 1175 101 1209 91
126 1173 158 1209 P
178 1189 234 1204 =
254 1172 384 1210 Schol.
416 1185 452 1221 p.
477 1174 552 1208 381
588 1171 654 1208 fin.
706 1170 793 1208 Nisi
824 1174 964 1220 putare
994 1171 1116 1208 males
1148 1173 1188 1208 et
1219 1170 1300 1208 cod.
1322 1171 1353 1207 P
1387 1173 1425 1208 et
1445 1170 1474 1207 C

49 1240 106 1290 (et
124 1240 168 1287 B,
210 1240 285 1278 etsi
314 1239 476 1277 initium
506 1240 620 1277 modo
652 1239 831 1289 praebet)
865 1252 884 1276 e
916 1238 1077 1276 scholiis
1108 1238 1284 1285 fluxisse,
1315 1238 1473 1276 intelie-

48 1322 115 1358 ges
146 1308 326 1347 scholion
355 1308 397 1345 in
418 1308 496 1346 fine
518 1311 721 1345 auctorum
743 1307 968 1345 nominibus
992 1310 1174 1344 ornatum
1196 1321 1216 1345 e
1238 1308 1347 1345 fonte
1371 1320 1472 1345 com-

47 1376 158 1415 muni
188 1375 393 1427 prodiisse,
426 1389 512 1414 cum
543 1375 777 1426 praesertim
809 1375 957 1413 eisdem
987 1375 1132 1422 uerbis,
1166 1389 1264 1427 quae
1288 1376 1393 1413 Plut.
1415 1376 1472 1423 Π,

48 1448 99 1483 25
129 1445 156 1483 i.
179 1458 212 1484 e.
244 1446 346 1483 ML.
381 1448 607 1491 seruarunt,
646 1448 845 1495 tamquam
876 1444 1000 1481 altera
1030 1444 1235 1493 prouerbii
1266 1444 1374 1493 origo
1407 1445 1472 1482 ad-

46 1513 192 1562 figatur
223 1513 359 1551 eodem
391 1526 522 1551 errore
553 1507 733 1568 ‘sinzinga
767 1506 917 1564 Σαμίῳ’
946 1511 1152 1550 instructa.
1210 1511 1324 1554 Quod
1355 1526 1473 1563 supra

47 1595 127 1620 non
147 1581 227 1619 iam
248 1581 475 1632 praeripere
496 1581 619 1628 1101111,
650 1594 755 1618 1111110
777 1580 943 1618 aliorum
965 1593 1106 1630 provv.
1131 1580 1324 1631 exempiis
1347 1582 1471 1619 fultus

48 1650 284 1689 contendere
315 1663 485 1700 possum,
517 1648 590 1687 etsi
621 1662 726 1686 nunc
756 1652 866 1699 patet
886 1648 1089 1686 minimam
1118 1649 1289 1687 auctoris
1317 1653 1471 1701 partem

45 1718 88 1756 in
131 1717 323 1769 Stephani
372 1717 519 1756 iibrum
565 1717 789 1764 transiisse,
840 1716 1029 1755 uidelicet
1073 1717 1165 1768 quia
1209 1717 1350 1756 ceteris
1392 1732 1472 1756 non

46 1801 144 1837 opus
176 1790 271 1825 erat.

159 1854 418 1893 Peruenimus
448 1867 554 1892 nunc
585 1855 634 1892 ad
665 1855 833 1891 alterum
863 1854 964 1891 iUud
993 1855 1258 1902 fragmentum
1282 1855 1471 1893 Tarrhaei

46 1923 204 1962 nomine
234 1922 430 1968 indutum,
463 1921 572 1960 cuius
605 1922 841 1959 sententiam
862 1921 1040 1960 breuiter
1059 1923 1212 1973 recepit
1231 1924 1323 1961 Zen.
1346 1924 1393 1970 V,
1417 1927 1465 1961 85

47 1992 105 2042 (M
126 1992 159 2038 I,
182 1986 267 2040 ξή).
312 1991 466 2029 Nomen
488 1990 607 2028 istum
631 1992 734 2028 solus
758 1991 886 2027 adfert
906 1990 1036 2028 Schol.
1059 1991 1160 2028 Plat.
1182 1990 1224 2027 in
1245 1991 1431 2042 Reipubl.
1448 1993 1469 2030 Ι

46 2074 84 2110 p.
119 2063 197 2097 396
229 2060 260 2096 Β
301 2058 344 2096 in
384 2072 497 2109 prov.
536 2055 772 2114 ‘Zaqdoimog
816 2053 941 2109 γέλωξ
982 2059 1108 2109 (codd.
1148 2059 1292 2097 Zenob.
1336 2073 1469 2098 omnes

46 2122 269 2177 Σαρδάνιος
305 2126 376 2178 y.):
420 2127 488 2165 sed
527 2126 631 2164 idem
673 2128 777 2178 quod
817 2140 936 2177 supra
974 2127 1017 2164 in
1058 2127 1193 2177 Steph.
1235 2128 1329 2178 Byz.
1371 2142 1468 2167 uoce

47 2191 224 2245 Δωδώνη
255 2197 303 2234 de
333 2196 466 2234 uerbis
497 2196 685 2234 Tarrhaei
728 2196 868 2233 adfixis
900 2195 1105 2243 adnotaui‚
1147 2196 1251 2234 cadit
1290 2196 1330 2233 in
1363 2198 1470 2235 hunc

45 2265 193 2311 locum,
236 2265 420 2316 quoniam
451 2265 641 2303 Tarrhaei
682 2264 879 2302 sententia
920 2278 1054 2302 omnes
1095 2278 1193 2315 quae
1230 2266 1470 2303 antecedunt

48 2332 161 2383 quasi
198 2332 469 2383 reprimuntur
510 2337 626 2384 atque
667 2335 937 2371 obscurantur.
996 2333 1184 2383 Expiicat
1221 2333 1326 2370 enim
1356 2334 1468 2372 scho-

45 2399 164 2438 liasta
192 2395 426 2455 ‘Emoddvtog
465 2399 582 2452 γέλως
625 2399 687 2438 ἐπὶ
729 2402 806 2438 τῶν
838 2395 895 2437 ἐπ’
927 2397 1080 2453 ὀλέθρῳ
1111 2401 1164 2453 τῷ
1196 2401 1307 2448 σφῶν
1339 2397 1468 2439 αὐτῶν

47 2463 256 2520 γελώντων,
293 2469 416 2507 refert
446 2470 538 2508 dein
568 2469 718 2507 Timaei
750 2469 940 2507 Clitarchi
972 2469 1184 2508 Simonidis
1214 2471 1337 2508 uerba
1367 2483 1466 2522 quae

45 2537 125 2575 huc
155 2539 346 2588 spectant,
377 2537 529 2576 adiecta
558 2539 715 2576 fabulae
747 2538 948 2576 cuiusdam
974 2538 1215 2588 Sophocieae
1245 2538 1446 2577 mentione
1456 2555 1465 2586 ;

140 2695 216 2737 104)
239 2700 465 2736 praeterquam
482 2697 568 2736 quod
592 2696 625 2726 in
641 2697 667 2726 P
685 2706 722 2727 ex
739 2696 939 2735 Apollodoro
965 2695 1140 2727 intruditur
1161 2706 1191 2736 p.
1210 2697 1264 2736 48,
1284 2697 1426 2734 12-49,
1446 2698 1464 2729 7

47 2751 198 2784 Schneid.
