1951 3203
107 279 206 318 bont
243 277 476 316 Eustathius
516 290 553 328 p.
591 278 709 324 1083,
741 279 791 314 63
835 279 875 315 et
904 276 1071 315 Photius
1113 290 1141 315 s,
1172 290 1211 315 v.
1252 271 1279 325 ἢ
1308 272 1391 327 τρὶς
1422 307 1430 315 .
1454 306 1463 316 .
1496 278 1536 316 et

113 343 196 396 τρὶς
225 342 293 396 ἕξ).

222 414 332 452 Haec
372 416 464 451 sunt
503 426 603 464 quae
645 413 824 451 conferre
864 413 960 450 licet
997 426 1017 450 e
1049 412 1210 450 scholiis
1243 413 1458 452 Platonicis
1496 417 1536 451 et

108 481 280 521 Zenobio
311 480 538 519 Milleriano
569 494 642 518 nec
671 480 812 518 merito
853 480 922 518 alii
953 494 1109 532 quoque
1146 481 1224 519 loci
1254 481 1317 518 his
1349 482 1534 520 adnume-

109 549 223 588 randi
254 552 364 596 sunt,
406 548 548 600 quibus
580 548 800 586 Scholiasta
831 548 1017 586 conuenit
1056 561 1143 586 cum
1172 549 1366 597 Zenobio,
1407 549 1534 601 qualis

109 618 238 656 adhuc
265 617 308 654 in
337 616 450 655 libris
481 617 695 655 ferebatur.
745 616 846 655 Vide
878 616 983 654 enim
1005 630 1118 666 prov.
1142 613 1318 669 ίΧαλεποὶ
1345 612 1389 654 τοὶ
1411 612 1534 662 καλά’,

108 689 154 724 ut
180 687 427 724 Mettauerus
457 698 494 735 p.
520 687 596 722 106
628 688 781 731 monet,
819 684 879 722 bis
912 689 1069 731 extare,
1111 685 1325 723 secundum
1357 686 1534 724 diuersos

111 756 288 792 auctores
320 756 556 791 enarratum.
614 753 689 791 Sed
718 753 801 790 noli
833 754 1001 790 alterum
1031 754 1161 791 locum
1193 767 1280 791 cum
1310 754 1533 792 Mettauero

109 822 279 872 Didymo
312 820 369 871 (in
392 821 596 871 Cratylum
618 835 655 871 p.
680 824 758 858 369
781 821 828 871 B)
853 821 1020 858 alterum
1043 821 1240 859 Tarrhaeo
1266 822 1323 871 (in
1344 822 1537 872 Hippiam

108 889 298 928 maiorem
328 903 365 939 p.
391 892 470 926 394
493 889 540 939 B)
582 889 778 935 tribuere3
821 889 868 926 de
912 889 1043 938 priore
1085 889 1163 926 iam
1207 904 1325 940 supra
1366 890 1451 927 dixi
1492 904 1536 928 ac

110 957 309 996 Lucillum
331 957 415 995 eius
438 960 636 995 auctorem
660 957 798 1004 statui3
831 958 932 995 alter
955 958 1064 995 locus
1085 958 1257 997 Zenobio
1280 959 1350 1006 VI,
1375 962 1424 996 38
1444 960 1453 982 ¹
1472 958 1535 1008 ¹2)

111 1026 206 1076 (non
238 1028 348 1063 extat
376 1025 419 1062 in
449 1026 521 1075 M.)
553 1029 633 1063 tam
664 1025 854 1073 gemellus
887 1029 965 1072 est,
1008 1029 1052 1063 ut
1083 1026 1156 1064 etsi
1187 1028 1310 1064 uerba
1339 1041 1418 1065 non
1449 1027 1535 1065 ubi-

111 1109 185 1147 que
217 1095 351 1132 eadem
380 1097 483 1140 sunt,
517 1093 713 1131 sententia
743 1097 874 1131 ‘tamen
895 1107 1055 1144 prorsus
1079 1094 1271 1133 concinat.
1321 1097 1536 1133 Auctorem

109 1176 203 1201 uero
235 1175 402 1210 agnosco
435 1162 503 1213 qui
533 1161 576 1198 in
598 1161 775 1199 Platonis
802 1161 968 1210 dialogis
990 1163 1161 1200 maxime
1192 1163 1315 1201 fuerit
1336 1166 1535 1201 uersatus:

77 1232 235 1269 'altera
274 1230 379 1268 enim
421 1230 634 1280 explicatio
675 1228 727 1285 ‘oc‘
765 1226 806 1266 δὲ
849 1228 910 1267 ἐπὶ
951 1232 1020 1267 τοῦ
1053 1226 1253 1269 ἀδυνάτου
1291 1227 1332 1268 τὸ
1371 1226 1537 1280 χαλεπόν

110 1292 337 1336 ἆκούουσιυ’
369 1302 546 1349 spectare
577 1298 738 1335 uidetur
768 1299 869 1336 Plat.
902 1299 1060 1346 Protag.
1094 1314 1129 1349 p.
1156 1303 1233 1337 339
1256 1302 1304 1337 A.
1340 1314 1395 1352 sq.
1455 1301 1536 1337 Ita-

111 1381 186 1419 que
219 1367 432 1405 secundum
462 1367 640 1414 regulam
671 1366 791 1412 illam,
824 1366 1049 1418 ubicunque
1070 1368 1249 1405 Platonis
1279 1367 1357 1406 loci
1386 1371 1536 1418 specta-

110 1438 267 1482 rentur,
299 1436 494 1473 Boe'thum
524 1434 649 1485 accipi
681 1448 813 1484 posse,
853 1435 1047 1473 Boethum
1080 1435 1162 1474 sine
1192 1436 1310 1474 dubio
1343 1449 1537 1487 propone-

110 1517 205 1550 rem,
237 1503 269 1541 si
302 1507 500 1541 constaret
530 1504 699 1541 alterum
721 1503 863 1540 Suidae
895 1504 1105 1541 articulum
1138 1519 1159 1542 a
1190 1504 1334 1542 Photio
1366 1504 1433 1542 hic
1453 1518 1537 1542 mu-

109 1571 181 1610 tilo
213 1572 397 1622 pendere.
458 1571 629 1608 Perinde
660 1572 707 1608 de
738 1571 874 1609 multis
904 1572 1002 1610 locis
1035 1576 1138 1611 esset
1168 1573 1434 1611 iudicandum.

223 1640 324 1678 Utut
352 1653 414 1677 res
447 1653 530 1677 sese
561 1640 694 1685 habet,
725 1640 800 1676 hoc
831 1640 1083 1689 perspicuum
1116 1645 1175 1679 est
1194 1655 1275 1679 non
1296 1641 1427 1680 omnia
1448 1654 1537 1691 pro-

110 1707 249 1746 uerbia
288 1721 338 1745 ex
377 1721 455 1745 uno
498 1707 711 1758 eodemque
751 1707 853 1745 libro
894 1721 976 1746 esse
1008 1709 1160 1746 hausta.
1220 1709 1298 1747 Res
1331 1714 1462 1747 autem
1493 1709 1538 1747 fit

109 1775 357 1822 difficillima,
389 1789 476 1813 cum
507 1776 666 1813 accedat
697 1776 801 1826 quod
830 1789 948 1813 uerus
980 1776 1127 1814 Lucilli
1156 1777 1276 1823 liber,
1316 1777 1384 1828 qui
1415 1791 1437 1814 a
1466 1778 1536 1814 Ze-

109 1843 228 1882 nobio
259 1844 402 1882 misere
432 1844 633 1881 interdum
665 1848 875 1894 excerptus
908 1848 977 1891 est,
1011 1845 1253 1883 Scholiastae
1285 1845 1374 1883 usui
1404 1845 1537 1891 fuerit,

109 1911 152 1949 id
181 1912 286 1963 quod
315 1912 500 1949 docemur
529 1910 661 1961 priore
692 1924 802 1960 prov.
835 1908 1012 1966 ‘Xoelertoi
1044 1907 1089 1948 τοὶ
1118 1907 1226 1950 καλά’
1257 1913 1536 1963 explicatione,

113 1983 231 2031 atque
273 1979 448 2017 eiusdem
485 1978 631 2017 Lucilli
670 1980 841 2016 frustula
884 1993 953 2029 per
994 1980 1091 2017 alios
1131 1980 1239 2018 riuos
1280 1981 1322 2018 in
1360 1984 1538 2019 nostrum

111 2047 328 2085 Zenobium
367 2047 652 2097 interpolatum
684 2047 872 2096 migrasse
917 2048 1079 2096 cogitari
1112 2049 1247 2098 possit.
1308 2049 1394 2087 Hoc
1433 2061 1536 2094 sane,

113 2116 187 2154 etsi
217 2115 426 2154 diiudicari
456 2115 607 2167 nequit,
638 2129 752 2153 nemo
784 2130 929 2164 negare
960 2120 1109 2166 potest;
1141 2130 1270 2169 neque
1293 2117 1397 2155 enim
1428 2121 1537 2154 trans

111 2184 329 2223 Zenobium
359 2184 543 2234 progredi
572 2184 688 2231 licet,
728 2188 767 2222 et
798 2189 893 2236 quot
932 2185 1143 2235 prouerbia
1172 2185 1350 2223 Lucillus
1380 2188 1539 2236 praeter

114 2266 159 2289 ea
189 2265 287 2303 quae
317 2252 514 2290 Zenobius
544 2252 696 2302 recepit
727 2252 977 2302 explicuerit,
1011 2266 1165 2303 semper
1195 2267 1265 2291 nos
1295 2253 1433 2301 fugiet.
1490 2253 1538 2290 Id

115 2320 272 2371 quidem
312 2321 526 2358 tenendum
571 2324 649 2366 est,
690 2320 935 2358 Zenobianos
976 2320 1099 2358 libros
1139 2322 1254 2371 plane
1292 2325 1331 2359 et
1369 2322 1537 2370 integre,

114 2388 219 2439 quod
249 2388 297 2425 ad
325 2388 626 2437 prouerbiorum
657 2401 864 2426 numerum
890 2389 1054 2436 adtinet,
1090 2389 1221 2428 codice
1243 2390 1285 2426 M
1307 2403 1536 2441 repraesen-

114 2455 192 2493 tari
221 2468 350 2507 neque
382 2456 521 2493 ceteris
555 2457 662 2494 codd.
697 2456 894 2506 suppleri:
936 2458 1039 2494 unde
1072 2457 1251 2508 sequitur
1282 2471 1537 2509 quaecunque

115 2522 328 2574 prouerbia
355 2523 580 2562 etiamnunc
602 2537 622 2562 e
645 2524 805 2562 scholiis
827 2525 928 2563 Plat.
953 2524 1171 2575 comparari
1201 2525 1297 2563 licet
1318 2539 1405 2563 cum
1427 2526 1535 2564 codd.

114 2593 259 2630 Zenob.
303 2594 418 2642 atque
458 2591 720 2631 inueniuntur
759 2592 801 2630 in
843 2593 951 2631 codd.
987 2594 1018 2630 P
1057 2594 1123 2631 uel
1161 2594 1241 2641 BV,
1282 2607 1361 2632 non
1400 2593 1442 2630 in
1482 2594 1536 2640 M,

207 2740 286 2777 112)
310 2752 355 2766 =
371 2738 426 2769 PB
452 2739 527 2777 940,
552 2739 584 2768 K
609 2738 666 2779 iv,
693 2741 735 2773 90
761 2739 807 2781 (in
831 2739 915 2780 App.
935 2739 973 2779 v,
1003 2741 1044 2772 22
1071 2740 1288 2779 collocatum).
