1951 3203
220 967 514 1005 Maximilianus
544 967 741 1004 Robertus
774 966 935 1004 Carolus
967 965 1205 1002 Warnkross
1236 968 1350 1002 natus
1382 978 1465 1002 sum
1497 977 1529 1002 a.

108 1037 142 1075 d.
172 1036 249 1074 HI.
281 1036 338 1073 Id.
369 1035 461 1072 Dec.
494 1048 525 1072 a.
552 1037 656 1071 1860
689 1034 859 1071 Sundiae
891 1033 1148 1070 Pomeraniae
1181 1038 1290 1081 patre
1322 1033 1459 1070 Carolo
1492 1037 1531 1070 et

106 1105 296 1150 Iohanna‚
328 1108 450 1140 matre
478 1102 686 1148 carissima,
720 1115 834 1153 quam
866 1106 1113 1151 praematura
1143 1105 1267 1138 morte
1300 1106 1387 1138 octo
1419 1100 1532 1137 annis

106 1178 196 1210 ante
228 1171 324 1208 mihi
356 1175 531 1219 ereptam
561 1170 674 1207 ualde
706 1170 833 1218 lugeo.
895 1169 1007 1206 Fidei
1038 1168 1213 1206 addictus
1246 1182 1330 1206 sum
1362 1181 1531 1217 euange-

80 1244 82 1246 ’
105 1240 216 1277 licae.
277 1239 516 1277 Litterarum
539 1237 742 1276 elementis
768 1237 809 1274 in
833 1237 925 1274 ludo
953 1236 1145 1275 litterario
1169 1236 1532 1287 Gryphiswaldensi

105 1308 280 1346 imbutus
310 1306 520 1357 Tanelimi,
567 1319 682 1357 quam
723 1306 764 1343 in
802 1307 938 1343 urbem
979 1311 1163 1354 parentes
1195 1318 1226 1342 a.
1253 1308 1358 1342 1869
1392 1304 1532 1353 migra-

107 1376 222 1422 bant,
255 1374 456 1424 gymnasio
490 1388 572 1411 sum
604 1374 791 1420 traditus,
825 1374 929 1424 quod
961 1373 1144 1422 deinceps
1174 1374 1364 1422 regebant
1394 1386 1456 1411 vv.
1478 1372 1532 1409 ill.

107 1443 460 1481 Haeckermannus
493 1447 531 1480 et
562 1442 776 1489 Heinzius,
822 1442 931 1479 cuius
964 1443 1034 1479 sub
1067 1442 1251 1491 auspiciis
1284 1441 1399 1479 etiam
1431 1453 1534 1478 nunc

111 1510 245 1549 schola
273 1511 399 1548 floret.
460 1510 531 1547 Pio
564 1522 716 1558 semper
747 1510 875 1547 auimo
907 1509 1075 1547 recolam
1108 1513 1383 1558 praeceptores
1415 1521 1532 1555 meOS‚

113 1579 180 1631 qui
218 1579 436 1616 litterarum
477 1578 726 1628 antiquarum
767 1591 936 1614 amorem
974 1578 1104 1614 animo
1146 1577 1292 1615 inicere
1332 1581 1370 1614 et
1399 1577 1534 1615 fovere

112 1648 331 1685 studebant.
391 1646 630 1684 Maturitatis
661 1645 885 1683 testimonio
923 1646 1138 1684 instructus
1169 1658 1270 1683 anno
1307 1646 1431 1692 1877,
1474 1658 1534 1682 me

112 1715 257 1752 contuli
289 1714 337 1751 ad
360 1714 500 1750 almam
530 1714 828 1751 uniuersitatem
852 1713 1263 1764 Gryphiswaldensem
1294 1713 1533 1762 philologiae

112 1782 283 1821 studium
325 1781 587 1830 amplexurus.
659 1782 906 1819 Disserentes
948 1782 1081 1819 audiui
1122 1794 1192 1830 per
1234 1782 1307 1819 hoc
1347 1782 1534 1831 temporis

113 1850 282 1899 spatium
320 1863 383 1887 vv.
417 1850 477 1887 dd.
511 1849 811 1898 Kiesslingium,
854 1850 1115 1896 Preunerum,
1157 1850 1533 1896 Reifferscheidium,

113 1917 374 1966 Schuppium,
426 1917 720 1963 Susemihlium‚
766 1917 1038 1963 Ulmannium‚
1091 1918 1137 1954 de
1178 1918 1534 1957 Wssamowitzium.

114 1986 427 2023 Exercitationes
456 1986 753 2036 frequentabam
786 1985 1079 2024 Wilamowitzii
1111 1986 1308 2032 metricas,
1347 1985 1535 2035 Schuppii

114 2054 424 2103 philosophicas,
466 2054 657 2091 Preuneri
688 2053 894 2091 historicas
926 2058 965 2090 et
994 2054 1326 2102 arohaeologicas,
1359 2053 1536 2091 Hirschii

115 2121 406 2171 geographicas.
467 2121 682 2158 Seminario
723 2121 908 2159 historico
950 2127 993 2158 ut
1030 2135 1099 2170 per
1131 2122 1304 2173 quinque
1337 2122 1537 2160 semestria

113 2190 342 2228 interessem
374 2189 556 2226 Ulmanni
595 2189 871 2227 beneuolentia
902 2190 1048 2227 factum
1080 2196 1148 2227 est.
1209 2189 1445 2238 Philologici
1477 2203 1535 2227 so-

116 2258 213 2295 dalis
253 2257 587 2295 extraordinarius
628 2258 702 2295 duo
742 2258 943 2296 semestria
983 2258 1040 2294 fui
1080 2258 1372 2296 moderantibus
1405 2258 1535 2296 Kiess-

115 2324 237 2373 lingio
269 2330 308 2362 et
340 2325 652 2372 Wilamowitzio‚
685 2331 870 2377 quattuor
901 2326 1131 2364 ordinarius.

231 2393 420 2431 Omnibus
451 2394 506 2431 eis
537 2394 681 2443 gratias
711 2395 838 2432 refero
872 2407 986 2446 quam
1018 2395 1226 2441 maximas,
1271 2407 1364 2443 prae
1395 2395 1535 2432 ceteris

117 2473 211 2497 uero
232 2460 545 2510 Kiesslingio
570 2467 609 2500 et
630 2461 1041 2508 WVilamowitzio,
1075 2475 1239 2512 quorum
1261 2462 1537 2500 beneuolentia

119 2534 265 2579 quanta
296 2541 387 2577 erga
415 2542 476 2566 me
505 2530 627 2568 fuerit
657 2543 868 2580 numquam
901 2530 1121 2567 obliuiscar.
