1951 3203
722 156 1004 198 —25—

151 262 345 300 insertum
386 261 438 299 sit
466 261 641 298 nondum
681 261 825 299 certius
864 261 1075 299 diiudicari
1115 265 1256 311 potest.
1317 262 1574 300 Purissimam

153 331 311 382 quidem
350 331 517 368 formam
549 329 708 381 quinam
741 331 865 368 codex
896 332 1102 379 praebeat,
1144 330 1306 368 difficile
1337 334 1398 368 est
1427 331 1572 368 diiudi-

151 401 259 444 catu,
303 411 390 435 cum
421 398 546 436 altera
575 397 769 436 librorum
809 397 961 436 famiiia
990 399 1084 444 hoc,
1127 399 1251 437 altera
1281 398 1350 436 1110
1382 398 1572 436 uitiorum

150 480 291 516 genere
322 465 374 503 sit
403 467 619 513 maculata3
651 470 827 516 praestat
858 470 988 504 tamen
1022 467 1104 504 cod.
1128 467 1171 504 Β.

259 533 369 576 Quae
400 548 487 573 cum
517 534 574 572 ita
596 534 686 582 sint,
717 548 822 572 nunc
844 547 1057 585 sanequam
1079 535 1327 581 conduceret,
1359 535 1572 586 prouerbia

149 603 304 651 singula
334 603 589 653 perlustrare,
621 607 666 641 ut
686 606 726 641 et
748 602 975 653 opinionem
1005 606 1180 640 nostram
1202 603 1243 640 in
1267 603 1431 651 singulis
1454 606 1570 642 rebus

149 671 416 709 confirmatam
448 685 748 719 agnosceremus
780 674 820 709 et
849 672 896 708 de
930 671 1092 719 adagiis,
1125 685 1225 722 quae
1255 672 1428 710 Zenobio
1461 673 1570 710 abiu-

147 739 365 777 dicauimus
405 739 497 790 quia
537 753 615 777 non
654 739 696 777 in
734 740 854 777 MLZ
891 743 1050 786 extant,
1095 739 1267 791 aliquam
1308 740 1571 790 suspicionem

147 821 406 846 moueremus.
478 807 654 846 Primum
698 821 792 846 uero
838 809 937 846 haec
979 808 1156 859 quaestio
1201 808 1317 845 nimis
1361 809 1569 848 latioribus

145 875 290 914 finibus
323 875 619 926 circumscripta
658 879 718 914 est
749 890 866 928 quam
898 890 996 927 quae
1036 877 1111 914 hoc
1147 877 1232 914 1000
1265 877 1404 914 confici
1435 878 1570 927 possit,

146 943 288 982 deinde
321 957 555 995 quamquam
593 958 671 982 non
714 944 877 983 difficile
918 947 978 982 est
1008 944 1172 982 conlatis
1204 945 1428 994 prouerbiis
1460 946 1570 983 Sui-

146 1013 228 1050 dae
247 1013 336 1063 46),
368 1026 533 1064 quorum
564 1014 754 1064 pleraque
786 1012 929 1050 Photio
962 1013 1167 1059 debentur,
1198 1013 1417 1051 Pausaniae
1448 1014 1571 1062 igitur

144 1081 426 1131 lexicographo
449 1080 660 1119 tribuenda
684 1085 787 1128 sunt,
819 1080 1086 1118 Eustathii
1117 1081 1142 1119 i.
1161 1095 1192 1119 e.
1216 1082 1433 1120 Pausaniae
1466 1082 1568 1132 (Aei.

144 1149 360 1200 Dionysius
381 1148 508 1186 rarius
535 1149 713 1199 occurit),
747 1148 1011 1199 Hesychii‚
1044 1149 1221 1199 exceptis
1254 1149 1309 1187 eis
1335 1164 1433 1201 quac
1459 1165 1569 1201 apor-

142 1217 294 1254 tissime
334 1231 354 1254 0
387 1217 469 1255 cod.
496 1218 526 1254 P
559 1220 651 1255 sunt
680 1217 897 1267 descripta,
941 1217 1128 1264 aliorum,
1173 1218 1328 1268 saepius
1371 1219 1568 1257 coniectu—

144 1299 227 1323 ram
263 1285 481 1336 periclitari
523 1286 570 1323 de
600 1285 797 1323 Pausania
834 1289 1015 1333 auctore,
1056 1287 1229 1324 nondum
1267 1288 1391 1324 11110111
1431 1288 1569 1325 funda-

144 1358 322 1392 mentum
357 1357 416 1392 est
445 1354 613 1401 iactum,
660 1368 702 1392 ac
734 1368 832 1405 quac
864 1354 1013 1392 auxilia
1044 1355 1157 1393 nobis
1189 1355 1297 1392 adire
1328 1355 1442 1402 licet,
1489 1356 1567 1393 dis-

147 1422 307 1460 sertatio
352 1436 467 1474 quam
509 1423 667 1473 scripsit
708 1423 1018 1461 Rindfleischius
1062 1425 1121 1473 ‘do
1160 1423 1267 1461 Aelii
1306 1424 1486 1474 Dionysii
1530 1428 1569 1461 et

144 1491 364 1529 Pausaniae
402 1491 543 1530 lexicis
574 1491 796 1529 rhetoricis'
834 1492 1066 1542 (Konigsbg.
1094 1492 1241 1542 1866),
1288 1496 1325 1529 et
1358 1494 1401 1530 E.
1426 1493 1568 1530 Meieri

142 1559 506 1609 ,Commentationis
533 1560 776 1598 Andocidiae
810 1562 956 1598 scxtae'
988 1560 1183 1611 particula
1204 1562 1284 1598 VH
1316 1562 1499 1610 <Opuscc.
1523 1563 1566 1598 ΙΙ

144 1642 180 1677 p.
205 1627 415 1678 82—106)
454 1631 534 1665 tam
578 1628 696 1666 anxie
737 1642 802 1666 eos
843 1632 997 1666 tantum
1035 1629 1140 1666 locos
1172 1629 1390 1666 Pausaniae
1422 1630 1566 1667 adscri-

142 1698 260 1742 bunt,
293 1696 360 1748 qui
392 1696 476 1734 eius
507 1697 665 1734 nomine
697 1697 878 1735 exornati
912 1700 1070 1744 extant,
1111 1700 1156 1734 ut
1187 1711 1383 1747 perpauca
1412 1697 1474 1735 his
1506 1712 1566 1735 10-

142 1763 358 1816 liquiarum
390 1764 701 1804 coniectionibus
732 1767 943 1804 1001011101.
976 1788 1029 1792 -
1065 1766 1231 1804 Accedit
1260 1766 1431 1817 denique
1464 1768 1567 1817 quod

143 1833 323 1883 quamuis
363 1847 484 1870 111111111
523 1834 742 1872 alterumue
781 1834 1036 1884 prouerbium
1066 1834 1303 1873 Zenobianis
1343 1834 1466 1885 copiis
1506 1834 1564 1871 in-

144 1904 292 1938 sertum
316 1915 402 1938 cum
424 1901 644 1939 Pausaniae
666 1902 798 1940 uerbis
820 1903 918 1939 mire
942 1903 1165 1940 consentire
1188 1903 1435 1947 euicerimus‚
1461 1903 1565 1953 quis-

142 1983 252 2015 nam,
284 1982 450 2020 quaeso,
492 1973 598 2007 recte
630 1983 774 2017 negare
807 1969 954 2020 poterit
984 1971 1060 2008 hoc
1091 1985 1112 2007 a
1142 1971 1338 2008 Pausania
1370 1984 1389 2007 e
1420 1971 1564 2018 Dioge-

141 2036 250 2074 niani
281 2036 393 2075 1111110
425 2050 508 2075 0000
541 2041 752 2088 sumptum,
783 2038 971 2086 migrasse
1002 2038 1138 2086 igitur,
1170 2039 1275 2090 quod
1296 2042 1451 2076 nostros
1473 2053 1562 2089 pro-

142 2105 369 2143 uerbiorum
399 2105 522 2143 libros
554 2105 717 2153 adtinet,
750 2120 829 2144 non
861 2120 911 2144 ex
941 2107 1149 2153 Pausania,
1182 2108 1248 2145 sed
1280 2120 1329 2144 ex
1360 2107 1445 2157 ipso
1469 2107 1563 2144 Dio-

142 2172 309 2221 geniano
339 2172 382 2210 in
411 2174 656 2212 Zenobianos
689 2173 875 2212 Codices?

255 2241 384 2282 Quare
416 2242 462 2279 fit
485 2246 529 2280 ut
554 2242 689 2280 multis
721 2246 838 2281 antea
869 2243 1008 2294 opibus
1041 2243 1275 2290 auxiliariis,
1308 2248 1347 2281 et
1368 2257 1562 2281 commen—

142 2308 360 2347 tationibus
382 2310 430 2347 de
450 2310 629 2348 fontibus
653 2313 856 2349 auctorum
878 2311 1146 2349 instaurandis
1169 2315 1209 2349 et
1230 2311 1428 2350 codicibus
1449 2312 1563 2349 nouis

144 2376 446 2427 prouerbiorum
467 2378 768 2427 inuesffigandis,
801 2380 904 2430 quod
935 2394 1054 2429 supra
1085 2380 1240 2430 saepius
1273 2380 1397 2428 tetigi,
1429 2383 1563 2418 nostra

143 2444 323 2495 quaestio
356 2449 479 2493 egeat,
512 2460 628 2498 quam
659 2449 707 2484 ad
737 2448 856 2485 finem
886 2448 1050 2498 perduci
1079 2448 1215 2498 possit.

253 2512 515 2554 Quamobrem
546 2516 620 2553 hac
649 2529 692 2554 re
724 2515 866 2554 omissa
896 2529 1001 2553 nunc
1032 2519 1231 2554 uertamus
1263 2517 1310 2554 ad
1342 2516 1459 2554 aliam
1482 2516 1560 2554 dis-

230 2673 288 2711 46)
322 2673 403 2703 Cum
438 2672 537 2702 Suida
570 2672 720 2703 cohaeret
755 2673 856 2704 codex
890 2673 1109 2704 Coislinianus
1144 2674 1188 2715 (v.
1224 2674 1422 2705 Schneidew.
1457 2661 1557 2712 praef.

139 2736 171 2765 p.
189 2726 362 2771 XXXIII),
388 2739 427 2760 ex
452 2738 514 2767 quo
539 2729 640 2759 multa
664 2729 696 2759 in
720 2729 804 2769 App.
830 2730 988 2761 Proverb.
