1951 3203
302 281 493 319 editorum
532 283 724 320 rationem
764 282 1000 330 defenderit,
1046 284 1077 321 si
1111 284 1418 322 considerauerit
1454 297 1504 322 ex
1534 297 1627 323 uero
1656 284 1727 323 Ze-

300 349 430 396 nobio,
464 350 618 401 qualem
649 350 806 401 quidem
839 351 964 389 codex
987 351 1130 388 Milleri
1162 352 1276 389 nobis
1299 352 1451 399 obtulit,
1483 352 1524 390 in
1546 353 1621 390 hoc
1642 352 1725 391 solo

300 417 434 454 cod.B
467 421 621 456 seruata
657 431 741 456 esse
782 420 848 456 sed
888 419 929 456 in
971 419 1202 468 Appendice
1242 419 1318 468 legi
1360 420 1456 458 haec
1494 420 1724 470 prouerbia:

300 489 401 533 App.
425 485 461 531 I,
487 488 551 522 39.
575 489 638 523 50.
664 486 729 524 72.
760 486 814 533 II,
840 490 899 525 9³.
928 491 990 525 36.
1017 490 1079 525 54.
1106 490 1170 525 55.
1194 490 1259 524 61.
1284 491 1349 525 66.
1373 487 1436 525 76.
1463 491 1526 526 85.
1551 492 1615 526 99.
1647 487 1724 534 ῙῙῙ,

301 555 363 589 35.
388 555 451 591 49.
477 556 540 591 52.
563 556 627 591 91.
653 557 718 592 98.
757 555 826 601 IV,
858 558 919 592 11.
949 558 1007 592 16.
1034 559 1097 592 32.
1121 558 1185 593 38.
1209 559 1272 592 39.
1299 559 1363 593 51.
1388 559 1450 593 56.
1477 557 1541 594 71.
1569 557 1634 594 73.
1659 556 1723 594 77.

301 624 364 658 80.
390 623 452 657 84.
478 622 539 659 87.
565 625 627 658 92.
654 625 716 660 93.
741 626 806 662 94.
830 626 894 660 95.
920 624 983 660 97.
1017 623 1061 669 V,
1086 626 1120 660 3.
1146 626 1208 660 16.
1233 627 1298 661 41.
1321 627 1385 662 43.
1444 625 1585 676 Itaque
1607 623 1725 672 plane

299 689 376 726 alia
406 689 471 726 uia
501 691 830 738 progrediendum
863 695 956 737 erat,
989 703 1075 728 cum
1108 694 1261 729 ueteres
1291 691 1356 729 isti
1388 691 1542 730 codices
1561 691 1725 733 Zenobii

296 756 400 794 inter
431 770 514 795 sese
545 762 866 807 compararentur
897 763 935 796 et
965 759 1184 796 ederentur.
1249 761 1379 811 Atque
1401 761 1505 811 quod
1529 759 1643 797 nobis
1665 772 1726 796 se-

298 824 473 862 cundarii
504 830 564 864 est
593 827 791 872 momenti,
826 827 1011 877 quoniam
1042 826 1205 865 editioni
1236 827 1397 865 Zenobii
1430 841 1589 877 prorsus
1620 827 1725 864 aliud

298 893 596 931 fundamentum
639 898 697 932 est
738 898 1021 942 comparatum,
1066 894 1144 932 illis
1182 895 1397 933 editoribus
1436 895 1604 944 primum
1642 907 1726 933 esse

297 961 465 999 debebat
496 961 678 999 officium.

411 1029 604 1067 Conuenit
641 1030 762 1078 igitur
801 1031 951 1068 duobus
991 1031 1167 1068 codicum
1197 1031 1359 1068 Zenobii
1400 1029 1728 1080 interpolatorum

297 1097 506 1146 generibus
538 1098 699 1135 eandem
732 1111 815 1136 esse
848 1098 1059 1148 originem,
1102 1100 1267 1137 eundem
1299 1100 1573 1149 archetypum,
1606 1109 1726 1149 quare

298 1166 443 1204 codicis
475 1166 514 1202 M
545 1167 787 1215 praestantia
817 1167 919 1204 haud
953 1180 1089 1216 parum
1122 1167 1271 1206 crescit.
1332 1167 1415 1206 Nec
1449 1170 1580 1205 tamen
1612 1177 1726 1203 omne

298 1234 464 1283 pretium
496 1234 558 1271 his
589 1234 788 1272 codicibus
820 1235 1121 1272 abiudicandum
1153 1238 1223 1272 est.
1285 1236 1438 1273 Pendet
1461 1234 1566 1272 enim
1591 1246 1725 1271 eorum

296 1303 532 1352 archetypus
568 1315 589 1339 a
620 1302 719 1340 libro
760 1304 927 1354 quodam
958 1303 1199 1350 Zenobiano,
1244 1304 1310 1354 qui
1355 1316 1400 1341 ea
1439 1314 1596 1354 quoque
1636 1314 1726 1350 pro—

297 1371 433 1407 uerbia
462 1370 696 1417 retinuerat,
739 1384 838 1422 quae
869 1384 891 1408 a
922 1371 1122 1409 codicibus
1151 1371 1312 1409 alterius
1342 1371 1515 1408 familiae
1546 1383 1625 1407 non
1656 1382 1725 1418 po-

297 1442 454 1477 tuerant
483 1438 725 1486 iuuesfigari,
759 1439 1069 1490 quattuordecim
1101 1439 1168 1476 illa
1197 1440 1329 1488 priora
1358 1438 1601 1477 collectionis
1630 1437 1726 1475 alte-

295 1506 468 1555 rius24).
531 1505 640 1546 Quae
672 1521 757 1544 cum
789 1507 843 1544 ita
874 1508 953 1545 sint
992 1520 1035 1545 ac
1067 1508 1254 1557 suspicari
1287 1507 1403 1545 iiceat
1441 1507 1481 1544 in
1514 1506 1601 1544 aliis
1630 1505 1725 1543 item

295 1575 412 1611 rebus
443 1574 513 1611 hos
537 1574 688 1612 codices
711 1575 813 1611 PBV
839 1575 1033 1612 interdum
1061 1575 1210 1626 aliquid
1237 1575 1438 1624 praecipui
1460 1587 1553 1624 prae
1577 1574 1659 1612 cod.
1682 1573 1723 1609 M

296 1643 494 1691 praebere,
526 1646 655 1680 tamen
686 1642 948 1680 reminiscaris
981 1643 1073 1694 quid
1107 1644 1152 1680 de
1174 1643 1317 1681 codicis
1340 1643 1380 1679 M
1411 1643 1486 1680 fide
1518 1654 1636 1692 supra
1664 1641 1723 1678 iu-

298 1710 508 1748 dicauerim
541 1723 584 1748 ac
615 1714 749 1748 teneas
780 1711 977 1757 memoria,
1009 1724 1031 1748 a
1053 1724 1222 1762 quonam
1254 1712 1468 1760 archetypo
1501 1722 1634 1748 omnes
1664 1707 1722 1745 illi

299 1778 450 1816 codices
473 1778 679 1826 pendeant.
740 1779 801 1815 Ad
827 1779 931 1816 hunc
962 1779 1082 1827 igitur
1112 1779 1279 1817 transire
1310 1792 1415 1816 nunc
1444 1778 1582 1828 placet,
1614 1776 1724 1815 cuius

297 1845 538 1897 quaestionis
579 1850 697 1894 caput
737 1846 775 1883 id
813 1847 979 1884 fortasse
1020 1846 1236 1895 postulabis
1275 1850 1318 1884 ut
1355 1847 1615 1884 demonstrem
1653 1843 1722 1881 uni

296 1914 508 1962 archetypo
533 1914 683 1951 codices
705 1914 861 1951 BV.PH
885 1914 1114 1952 tribuendos
1137 1927 1230 1952 esse.
1292 1913 1428 1952 Liceat
1447 1901 1489 1950 in
1509 1914 1582 1951 hac
1604 1924 1722 1964 quae-

295 1981 434 2019 stionis
464 1984 574 2029 parte
605 1981 847 2032 aiiquantum
888 1982 1029 2020 morari
1070 1985 1188 2033 atque
1218 1982 1319 2019 hanc
1348 1993 1429 2019 rem
1461 1980 1722 2019 strictioribus

295 2049 450 2087 indiciis
488 2049 727 2086 confirmare.
790 2052 846 2087 Ac
879 2050 1047 2098 primum
1086 2049 1117 2086 si
1149 2049 1278 2086 omnia
1310 2061 1409 2100 quae
1440 2048 1585 2098 protuli
1615 2051 1721 2085 recte

296 2130 336 2155 se
368 2117 533 2163 habent,
577 2117 831 2168 consequitur
871 2117 1024 2165 singula
1055 2116 1231 2154 codicum
1261 2116 1330 2154 BV
1360 2117 1570 2165 prouerbia
1599 2115 1721 2163 magis

297 2185 500 2222 concinere
533 2198 618 2222 cum
650 2185 680 2221 P
713 2197 829 2236 quam
861 2198 947 2222 cum
970 2186 1020 2231 M,
1053 2189 1171 2235 atque
1202 2185 1318 2222 huius
1348 2184 1405 2221 rei
1436 2184 1511 2223 tria
1541 2183 1722 2232 exempla

295 2252 545 2302 proposuisse
585 2252 766 2290 sufficiat.
828 2253 926 2290 Nam
958 2253 1118 2301 longum
1149 2256 1209 2291 est
1238 2253 1359 2290 uerba
1389 2249 1622 2301 singu1a25)
1652 2254 1722 2288 aut

295 2320 556 2369 lemmata26)
598 2320 729 2358 omnia
759 2333 1006 2368 enumerare,
1051 2321 1193 2372 quibus
1225 2320 1409 2359 differant
1438 2319 1583 2358 BVPH
1613 2331 1636 2356 a
1666 2319 1719 2356 M.

296 2388 404 2425 Haec
434 2388 554 2437 igitur
585 2393 676 2427 sunt

386 2480 441 2516 24)
466 2483 594 2516 praeter
618 2480 722 2517 ipsum
748 2480 906 2510 decimum
932 2483 1100 2518 quartum3
1127 2478 1286 2509 decimum
1303 2479 1433 2509 tertium
1451 2481 1538 2509 extat
1553 2477 1586 2508 in
1603 2476 1673 2508 cod.
1692 2477 1718 2506 B

296 2535 370 2571 511,
397 2534 425 2562 V
451 2535 494 2572 11,
523 2537 572 2565 17.

387 2592 442 2628 25)
466 2601 491 2621 e.
510 2601 539 2629 g.
566 2592 598 2621 in
622 2592 665 2621 M.
691 2593 717 2630 1,
744 2589 773 2633 γ’
799 2588 950 2634 “Ημε’ραν
974 2602 1034 2631 pro
1059 2601 1138 2622 uoce
1164 2592 1306 2622 absurda
1331 2590 1477 2631 Mffipozv,
1504 2599 1599 2628 quam
1625 2599 1718 2628 prae—

294 2647 372 2677 bent
396 2647 472 2677 Zen.
500 2647 538 2684 V,
566 2649 606 2678 78
632 2648 709 2678 P.B.

386 2705 444 2739 26)
468 2714 496 2733 Θ·
513 2713 542 2742 g.
569 2705 601 2733 in
627 2705 669 2734 M.
696 2705 721 2741 I,
747 2701 796 2736 ντί
820 2703 902 2750 ’(Τοῦ
929 2700 958 2737 δ’
985 2696 1038 2745 αἶρ’
1065 2702 1083 2737 ὁ
1110 2703 1309 2746 Κωρυκαῐος
1334 2698 1530 2744 η’κροάζετᾶ
1555 2711 1614 2741 pro
1639 2703 1717 2732 lem-

295 2763 380 2792 mate
404 2760 495 2791 eodd.
512 2760 567 2789 BP
592 2761 624 2789 in
648 2761 725 2790 Zen.
744 2761 802 2800 IV,
821 2763 862 2792 75
888 2760 1102 2807 ‘Kmpuxatog
1126 2756 1332 2802 ἠκροάζετο’.
