1951 3203
89 307 168 331 των
197 290 283 331 nti?
346 294 436 332 cod.
460 294 487 332 C
518 294 690 331 adnectit
719 294 876 343 plenam
907 306 1064 345 quoque
1094 293 1255 332 alteram
1283 293 1511 343 explicatio-

90 376 190 409 nem,
223 374 321 413 quae
351 362 433 399 sola
462 362 504 399 in
535 363 616 400 cod.
643 361 738 399 Mill.
761 362 815 409 H,
843 355 903 412 ρβ’
935 365 1054 408 extat,
1086 362 1176 398 dum
1207 361 1345 399 Suidas
1376 362 1512 411 primis

90 430 246 481 quidem
277 430 409 467 uerbis
443 424 619 484 ‘kamig
651 425 801 481 ἀγκών·
835 426 882 467 οὖ
916 424 998 466 κατ’
1029 427 1252 467 ἐναντίωσιν
1283 425 1376 466 ἀλλὰ
1409 423 1514 467 ....’

91 497 285 547 significat
323 497 396 535 sibi
439 498 599 537 alteram
640 499 1005 548 interpretationem
1046 511 1124 536 non
1163 498 1283 535 fuisse
1322 498 1509 547 ignotam.

90 566 194 603 Fons
233 565 355 614 igitur
384 570 443 604 est
473 567 698 604 communis.
759 567 900 604 Suidae
939 567 1077 613 uerba,
1123 565 1315 617 siquidem
1359 579 1403 603 ea
1443 579 1513 615 per

89 634 274 671 Photium
305 633 491 682 migrasse
521 635 735 673 uerisimile
767 634 958 681 concedis,
993 647 1041 671 ex
1063 633 1258 671 Pausania
1288 634 1414 683 repeti
1438 634 1512 672 dici

90 714 169 739 non
201 706 375 750 possunt,
408 702 500 753 quia
526 703 755 740 Eustathius
788 703 898 753 (791,
925 702 990 751 15)
1023 702 1106 739 eius
1138 701 1372 740 sententiam
1402 715 1512 751 pror-

91 783 155 807 sus
176 769 301 817 aliam,
334 783 385 808 sc.
408 783 493 808 cum
516 770 687 808 Zenobio
712 771 982 808 cohaerentem
1005 770 1168 820 praebet
1197 769 1397 825 ‘naporum
1420 770 1515 820 γοῦν

91 851 149 881 τις
188 833 347 888 ἀγκῶνα
387 833 531 888 γλυκύν
569 836 665 889 λέγει
707 834 786 876 ἀπό
820 839 889 875 τοῦ
921 834 1020 875 κατὰ
1051 833 1117 875 τὸν
1150 837 1293 875 Νεῖλον
1325 833 1514 888 ἀγκῶνος.

91 903 237 950 ἐκεῖνος
269 902 310 943 δὲ
340 901 482 956 γλυκύς
512 901 593 944 κατ’
625 902 887 956 εὐφημισμόν.
950 902 1102 957 μακρός
1132 901 1205 957 γάρ
1239 903 1317 943 ἔστι
1359 903 1421 943 καὶ
1456 903 1514 955 ἑρ-

91 969 230 1025 γῶδης.
274 971 465 1023 μέμνηται
497 972 537 1012 δὲ
569 971 693 1012 αὐτοῦ
729 971 896 1012 Πλάτων
929 973 968 1013 ἐν
996 973 1170 1027 Φαίδρῳ.
1217 969 1313 1011 ὥστε
1344 969 1384 1011 τό
1416 976 1513 1030 ιγλυ-

90 1038 162 1087 κὺς
200 1037 344 1094 ἀγκῶν’
374 1042 654 1094 παροιμιωόῶς
695 1043 918 1094 μοχθηρίαν
958 1038 1083 1080 τόπου
1123 1036 1337 1091 ὖποόηλοῖ,·
1381 1056 1514 1094 quam-

92 1113 225 1148 obrem
264 1115 386 1149 restat
416 1112 606 1158 Boethus,
651 1116 839 1163 quantum
873 1112 1030 1163 quidem
1064 1124 1084 1148 e
1114 1111 1391 1161 probabilitate
1423 1125 1513 1150 con-

90 1179 158 1228 ligi
189 1179 292 1217 licet.

77 1240 80 1242 v
204 1246 390 1296 Superest
419 1249 462 1285 ut
494 1247 539 1284 de
570 1248 717 1285 scholio
741 1247 838 1285 Plat.
861 1248 1089 1285 iudicemus.
1151 1247 1298 1286 Boe'tho
1330 1248 1515 1296 refragor,

92 1315 183 1368 quia
214 1327 299 1352 eum
326 1315 494 1353 uidimus
525 1316 758 1364 praetulisse
790 1315 1068 1353 blanditiarum
1091 1316 1394 1365 explicationem
1425 1317 1516 1353 huic

91 1383 202 1421 alteri
235 1396 255 1420 e
280 1387 420 1421 natura
441 1391 628 1432 sumptae.
691 1384 909 1422 Mettauero
933 1388 1060 1422 autem
1082 1397 1161 1421 non
1184 1385 1392 1431 adsentior,
1424 1384 1516 1435 quia

91 1452 181 1489 talis
212 1451 494 1500 conglutinatio
527 1465 619 1489 sane
651 1453 749 1489 mira
779 1456 891 1498 esset,
924 1456 967 1490 ut
997 1456 1036 1489 et
1058 1451 1243 1490 Hermiae
1275 1453 1396 1490 uerba
1426 1465 1515 1501 sup-

91 1520 293 1569 plerentur
314 1523 353 1557 et
375 1531 424 1556 ex
447 1519 576 1570 aliquo
600 1520 684 1558 cod.
706 1520 828 1558 altera
859 1532 948 1568 pars
981 1519 1256 1568 explicationis
1287 1524 1515 1558 sumeretur.

92 1588 160 1625 Sin
191 1587 422 1637 probabitur
452 1588 491 1624 in
524 1588 682 1625 scholiis
708 1600 864 1639 quoque
885 1587 1047 1625 Zenobii
1078 1587 1205 1636 ipsum
1236 1588 1384 1625 fontem
1406 1601 1515 1626 usur-

93 1661 227 1706 patum
258 1669 354 1703 esse,
386 1656 449 1693 hic
481 1668 638 1707 quoque
669 1656 788 1693 uelim
821 1656 985 1692 eundem
1017 1656 1196 1704 agnosci:

333 1722 440 1753 Schol.
465 1723 547 1752 Plat.
1027 1722 1166 1763 Mill-⁸⁸)
1192 1723 1234 1760 II,
1261 1719 1320 1765 pff.

138 1779 194 1820 γλ.
232 1773 397 1819 ἀγκών·
439 1777 492 1811 ἐπὶ
526 1778 591 1811 τῶν
627 1789 785 1820 κατειρω-
867 1780 916 1820 γλ.
934 1775 1059 1820 ἀγκών.
1086 1777 1225 1820 Ταύτης
1243 1778 1407 1821 μέμνηται
1427 1777 1517 1812 lud-

94 1833 287 1876 νευομένων.
335 1832 435 1872 τόπος
476 1834 514 1868 δέ
551 1834 636 1868 ἐστιν
678 1834 708 1868 ἐν
744 1835 886 1886 τῇῑτων
924 1834 955 1867 ἐν
993 1834 1145 1877 Φαίδρῳ.
1193 1834 1295 1876 φασὶν
1331 1831 1383 1868 ὅτι
1419 1835 1518 1877 μέρος

93 1890 250 1932 Μεμφίδι
289 1887 420 1932 Ἀγκών
467 1889 896 1934 προςαγορευόμενοςιέστὶ
921 1891 977 1924 τοῦ
1004 1891 1126 1924 Νείλου
1160 1889 1323 1925 δύσπλουν
1351 1891 1435 1925 πάνυ
1461 1893 1517 1925 καὶ

95 1944 174 1980 ὑπὸ
209 1946 286 1979 τῶν
319 1946 559 1986 πλεόντων,
597 1944 669 1980 κατ’
703 1938 995 2000 ἀντί-ἱκαμάτους
1028 1947 1170 1990 παρέχον
1205 1951 1298 1985 τοῖς
1328 1948 1517 1981 πλέουσι.

94 2013 216 2045 φρασιν
241 2003 334 2042 ἴσως,
360 2001 415 2037 διὰ
440 2001 475 2036 τὸ
503 2002 673 2047 δυσχερές.
714 2000 896 2036 &vectium-³
924 2000 1138 2046 εὐφημισμὸν
1164 2002 1201 2036 δὲ
1225 2001 1248 2045 ἡ
1272 2014 1303 2036 π.
1331 2004 1472 2047 εἴρηται.

94 2057 133 2094 δὲ
165 2058 340 2093 τάττουσιν
372 2056 476 2101 azir-dv
509 2059 563 2093 ἐπὶ
595 2060 660 2092 τῶν
693 2058 788 2093 εὐξυ-

95 2115 255 2159 μούντων,
281 2114 427 2157 παρόσον
452 2114 508 2150 τὸν
536 2112 671 2158 οἶγκῶνα
690 2116 719 2149 οἱ
737 2112 788 2149 εὖ·

95 2171 310 2215 φραινόμενοι
333 2171 493 2206 τιῧέασιν.
805 2184 808 2203 1

95 2254 251 2291 Scholio
300 2254 332 2290 si
371 2253 588 2303 pleniorem
629 2254 798 2292 auctoris
835 2255 1047 2292 Zenobiani
1097 2269 1206 2304 prov.
1248 2257 1517 2295 condicionem

97 2321 362 2368 concedimus,
405 2322 618 2359 Pausanias
649 2323 845 2361 Eustathii
879 2327 1012 2361 auctor
1053 2336 1139 2360 eum
1172 2324 1399 2373 compilauit
1434 2326 1517 2376 (ne-

97 2388 238 2426 scimus
260 2402 307 2425 an
329 2394 535 2441 utramque
562 2390 868 2439 explicationem
889 2392 1171 2441 compilauerit,
1204 2405 1288 2430 cum
1310 2393 1515 2431 Eustathio

188 2526 245 2562 83)
276 2525 354 2554 Zen.
380 2526 429 2563 ΙΙ,
457 2526 497 2554 92
530 2527 555 2555 P
588 2526 730 2564 perbene
763 2526 953 2564 comprobat
986 2526 1222 2557 Schneidewini
1257 2527 1516 2558 obseruationem

97 2583 247 2612 eximiam
273 2589 317 2621 (p.
338 2582 464 2621 XVIII)
490 2584 583 2622 ⁴Illud
601 2584 749 2613 uniuersa
768 2583 901 2618 tenebis,
929 2584 1185 2622 Epitomatorum
1203 2590 1386 2614 nostrorum
1403 2595 1517 2615 manus

96 2639 291 2668 indoctiores
321 2639 409 2668 locos
444 2639 638 2677 scriptorum
670 2641 809 2669 maxime
844 2640 994 2670 inducere
1027 2641 1137 2670 solitos
1169 2642 1284 2677 fuisse,
1320 2643 1438 2680 quippe
1464 2643 1517 2679 qui

97 2695 206 2733 amplo
231 2699 388 2733 apparatu
414 2695 578 2725 doctrinae
612 2696 697 2725 haud
731 2706 826 2734 aegre
864 2696 1037 2726 carerent’:
1076 2697 1124 2727 Cf.
1153 2698 1237 2727 enim
1270 2698 1350 2728 Plat.
1378 2699 1516 2728 Phaedr,

97 2761 128 2790 p.
149 2752 211 2782 257
231 2751 272 2781 D.
