1951 3203
710 184 992 227 -35-

136 293 193 340 11,
218 296 268 330 39
308 291 479 343 priorem
511 294 665 328 tantum
698 290 1006 340 explicationem
1047 291 1308 327 seruauerunt
1345 288 1565 327 accuratius

137 360 380 411 expositam,
423 359 516 396 dum
549 359 631 396 cod.
663 359 694 395 B
736 359 904 395 alterum
944 357 1129 395 editionis
1165 357 1414 395 Zenobianae
1451 370 1563 406 prov.

137 429 210 480 (H,
235 428 303 478 58)
335 427 439 479 quod
470 427 551 464 cod.
574 427 616 463 M
648 439 726 463 non
760 425 949 473 agnoscit,
982 425 1057 462 sibi
1089 425 1210 472 elegit
1245 419 1432 478 ΕἈράβιος
1459 419 1564 474 ἅγγε-

135 498 218 540 λος·
261 494 452 546 παροιμία
493 490 600 543 παρὰ
641 489 682 530 τό
726 488 918 549 ιἈράβιος
959 487 1139 541 αὐλητής’
1181 490 1566 541 παραλαμβανομένη

137 562 199 602 ἐπὶ
232 564 310 601 τῶν
333 557 546 606 ἀπαύστως
577 559 870 612 διαλεγομένων.
936 559 1103 610 Εἴρηται
1131 557 1172 597 δὲ
1196 558 1258 598 ἐπὶ
1286 560 1355 597 τοῦ
1378 555 1566 610 Ἀραβίου

138 628 332 681 αὐλητοῦ,
381 625 433 675 οἷς
470 626 577 679 ηὔλει
620 627 687 677 μὲν
729 628 924 678 δραχμῆς,
972 624 1138 666 ἐπαύετο
1172 625 1210 664 δὲ
1243 623 1452 677 τεττάρωνῖ
1519 628 1566 665 cf.

139 699 256 747 Diog.
319 699 494 737 Aliunde
524 698 649 747 igitur
678 698 720 734 in
751 696 968 735 Zenobium
999 696 1190 746 inrepsit,
1233 709 1276 734 ac
1314 709 1455 733 reuera
1485 697 1567 746 ple-

138 768 291 806 niorem
330 769 531 818 uerbaque
564 766 755 816 Stephani
787 779 947 815 prorsus
980 766 1115 802 eadem
1148 765 1370 814 amplexam
1403 766 1569 814 praebet

139 835 363 884 Suidasffl)
403 849 540 873 uocem
578 829 760 882 Ἀράβιος
792 829 961 884 ἄγγελος.
1025 830 1264 880 Μένανδρος
1295 829 1337 868 ἐν
1368 827 1565 868 'Amnes-

140 901 236 957 μένῃ
268 898 295 952 ἢ
328 903 547 955 Μεσσηνία.
610 897 717 951 παρά
749 897 817 950 την
848 901 1061 952 παροιμίαν
1092 896 1284 956 ιἈράβιος
1316 895 1516 949 αὖλητής’.

460 965 643 1020 Ἀράβιον
675 962 735 1020 ἆρ’
767 964 840 1020 ἐγώ
873 969 1061 1018 κεκίνηκα
1093 964 1236 1014 αὐλόν;

253 1037 404 1076 τίθεται
435 1035 476 1075 δὲ
509 1036 570 1075 ἐπὶ
601 1040 678 1075 τῶν
711 1034 882 1074 ἀπαυστὶ
915 1034 1209 1087 διαλεγομένων.
1267 1031 1309 1073 τό
1334 1032 1501 1073 παλαιόν
1525 1034 1567 1073 δέ

142 1117 238 1155 φασι
277 1101 372 1150 τούς
410 1103 645 1156 ἐλευθέρους
677 1101 730 1154 μὴ
762 1100 982 1153 μανθάνειν
1016 1101 1145 1141 αὐλεῖν
1177 1099 1241 1141 δια
1273 1099 1314 1141 τό
1348 1099 1564 1152 βάναυσον,

141 1177 217 1213 τῶν
249 1171 289 1211 δὲ
321 1169 588 1224 ἀνδραπόδων
617 1170 662 1209 τά
695 1168 814 1210 πολλοὶ
846 1167 942 1209 εἶναι
974 1168 1155 1223 βάρβαρα
1187 1169 1250 1209 καὶ
1282 1167 1465 1221 Ἀράβια·
1501 1169 1565 1220 ἐφ’

144 1234 198 1281 [δν
231 1239 368 1292 ἐλέχθη
401 1242 593 1291 παροιμία
624 1243 825 1298 ιΔραχμῆς
857 1238 925 1289 μὲν
952 1237 1072 1288 αὐλεῖ,
1105 1235 1294 1286 τεττάρων
1318 1236 1356 1276 δὲ
1380 1235 1566 1277 παύεται’.

141 1311 264 1362 (quod
295 1310 475 1362 sequitur
505 1311 607 1347 male
629 1309 844 1360 repetitum
870 1312 929 1346 est
953 1323 1003 1347 ex
1026 1309 1101 1346 alio
1127 1310 1237 1346 fonte
1269 1305 1359 1363 ‘Kal
1385 1303 1568 1358 Ἀράβιος

143 1375 313 1428 αὐλητής
352 1377 417 1416 ἐπὶ
455 1379 532 1415 τῶν
563 1373 887 1414 ἀκαταπαύστων.
951 1373 1169 1426 Κάνθαρος
1201 1375 1383 1428 Μηδείᾳ·
1426 1377 1572 1432 ιΚιθα-

144 1442 272 1501 ρῳδόν
303 1441 509 1496 ἐξηγείρατ’
538 1440 725 1494 Ἀράβιον
763 1440 830 1482 τόν
868 1439 987 1494 χόρον
1027 1440 1218 1494 τοῦτον,’).
1280 1445 1458 1494 Adparet
1495 1446 1571 1483 hoc

143 1515 398 1565 prouerbium
428 1528 508 1551 non
539 1515 675 1552 eodem
713 1514 827 1551 modo
867 1527 910 1551 ac
942 1516 1073 1551 cetera
1104 1527 1125 1550 a
1161 1513 1359 1563 Stephano
1404 1526 1569 1550 comme-

143 1586 296 1621 morata
328 1596 415 1620 cum
445 1581 681 1620 Zenobianis
714 1581 938 1620 conuenire.
970 1605 1024 1608 —

255 1651 403 1688 Mirum
444 1664 676 1688 consensum
718 1664 822 1687 nunc
864 1649 1022 1700 quidem
1061 1648 1324 1698 adipiscemur
1364 1649 1470 1686 inter
1499 1650 1569 1686 Ze-

144 1719 254 1758 nobii
294 1721 417 1757 uerba
456 1732 499 1756 ac
530 1719 797 1768 Stephanum,
842 1718 874 1754 si
907 1717 1143 1755 conferimus
1184 1718 1287 1767 quod
1325 1720 1492 1768 uterque
1523 1718 1571 1754 de

148 1788 294 1825 Glauco
328 1787 468 1837 opifice
499 1786 676 1832 tradidit,
708 1786 842 1835 Steph.
877 1800 904 1823 s.
928 1800 965 1824 v.
1000 1781 1174 1832 Αἰθαλη,
1206 1786 1351 1823 Zenob.
1383 1785 1424 1822 in
1456 1799 1569 1835 prov.

146 1857 203 1903 H,
227 1858 275 1892 91
312 1851 499 1892 Γλαύκου
523 1852 644 1904 τέχνη,
706 1854 952 1904 Quamquam
982 1853 1022 1889 in
1049 1852 1195 1890 nostris
1228 1853 1468 1891 editionibus
1498 1853 1572 1890 ite-

148 1937 237 1961 rum
256 1923 425 1971 legimus
446 1925 568 1961 uerba
593 1936 615 1959 a
635 1922 806 1959 Zenobio
838 1921 979 1968 aliena,
1010 1920 1209 1958 inculcata
1230 1921 1361 1970 potius
1384 1921 1572 1958 uidentur

147 2005 167 2028 e
199 1991 359 2029 scholiis
400 1990 616 2028 Platonicis
658 1990 711 2040 (p.
736 1992 811 2026 381
848 1990 1008 2038 Bekk.):
1052 1989 1135 2026 cod.
1169 1990 1210 2025 M
1243 1989 1349 2026 enim
1379 1989 1459 2034 HI,
1492 1983 1571 2038 ρξζ’

145 2060 325 2097 =Plut.
348 2060 403 2106 H,
427 2062 476 2097 25
516 2055 599 2107 Οὐχ
629 2053 654 2106 ἦ
687 2054 873 2095 Γλαύκου
914 2055 1105 2106 τέχνηθῧ)
1147 2061 1186 2094 et
1227 2058 1309 2095 cod.
1331 2058 1362 2094 B
1395 2060 1473 2094 313
1505 2057 1571 2094 dc-

146 2130 368 2165 monstrant
407 2127 500 2166 inde
539 2129 587 2164 ab
628 2126 798 2177 Hippasi
837 2126 996 2164 nomine
1034 2125 1091 2175 (in
1124 2125 1206 2163 cod.
1229 2125 1277 2175 P)
1317 2124 1448 2162 omnia
1488 2138 1571 2162 esse

239 2297 294 2338 67)
321 2298 400 2329 Cod.
427 2297 523 2327 Coisl.
549 2298 609 2333 40,
645 2296 734 2326 cuius
759 2296 798 2325 de
824 2299 939 2324 natura
963 2295 1037 2324 uide
1062 2304 1144 2332 quae
1168 2294 1284 2324 adtulit
1308 2293 1572 2324 Schneidewinus

150 2354 182 2383 in
207 2354 307 2391 praef.
335 2364 368 2392 p.
385 2353 548 2390 XXXIII,
586 2353 766 2391 exscriptus
800 2356 849 2382 est
880 2356 912 2382 et
935 2353 975 2381 ad
1001 2351 1098 2390 Greg.
1125 2352 1222 2390 Cypr.
1249 2351 1281 2387 1,
1308 2352 1349 2381 32
1376 2354 1407 2381 et
1428 2361 1448 2380 a
1471 2351 1572 2381 Bern-

148 2410 272 2449 hardyo
296 2411 336 2439 ad
361 2409 511 2447 Suidam,
550 2410 606 2439 sed
632 2410 708 2439 facit
739 2408 820 2438 nihil
847 2409 887 2437 ad
913 2418 999 2444 rem⁷
1039 2408 1113 2445 quia
1138 2408 1233 2437 facile
1258 2408 1475 2446 intellegimus
1500 2418 1572 2438 eum

148 2467 251 2496 multa
284 2476 300 2496 e
331 2467 440 2497 multis
474 2466 617 2496 fontibus
643 2466 842 2502 conmisisse,
881 2465 931 2494 hic
967 2465 1097 2494 Suidam
1130 2469 1160 2494 et
1185 2465 1264 2497 Zen.
1290 2465 1340 2502 ΙΙ,
1367 2465 1407 2494 39
1442 2465 1572 2494 commi-

149 2524 280 2554 scuisse.

241 2582 297 2618 68)
322 2579 437 2609 Suidas
462 2590 487 2610 s.
509 2590 539 2609 v.
567 2574 656 2621 Οὐχὶ
681 2576 703 2619 ἦ
731 2578 789 2610 Γλ.
816 2589 844 2610 τ.
878 2579 952 2608 talis
986 2578 1115 2616 generis
1150 2577 1293 2607 codicem
1327 2579 1471 2616 sequitur
1504 2575 1572 2620 (ἐπὶ

148 2636 214 2669 τῶν
240 2628 278 2669 εὖ
304 2634 528 2677 εἰργασμένων
564 2634 621 2667 καὶ
646 2632 957 2676 δυσκατανοήτων),
997 2646 1021 2664 s·
1039 2646 1071 2665 v.
1100 2632 1213 2672 1,“λαύξ
1236 2632 1387 2673 ἵπταται,
1425 2635 1479 2664 ubi
1511 2635 1573 2663 tria

150 2703 266 2732 provv.
291 2694 475 2731 coniungit,
513 2693 695 2722 necessario
721 2693 933 2731 archetypum
959 2692 1114 2722 Codicum
1140 2692 1194 2720 PB
1221 2692 1432 2730 exscripsisse
1458 2695 1571 2729 putan-

151 2750 211 2781 dus
236 2751 300 2781 est!

1237 2805 1297 2842 32²
