1951 3203
689 131 857 212 —39
916 195 969 199 --

119 283 272 332 phanus
303 284 415 322 nouit
445 285 562 322 ct-de
599 285 682 322 Τεν.
714 279 905 333 αὐλητής,
950 286 1022 324 etsi
1054 286 1138 336 ipse
1170 287 1317 324 tibicen
1347 300 1539 338 nusquam

117 351 213 390 alias
242 352 455 400 reperitur,
487 357 526 391 et
561 353 601 390 T.
627 350 813 399 πέλεκυς,
845 353 938 392 licet
967 355 1081 392 ualde
1113 360 1349 400 contractas3
1381 355 1540 392 tertium

117 419 214 456 illud
244 420 302 474 (Τ.
326 414 552 469 συνήγορος’
589 420 666 458 iam
698 434 717 458 e
748 421 938 470 Stephani
970 422 1101 460 uerbis
1133 423 1293 471 adparet
1323 423 1426 459 idem
1458 435 1541 459 esse

117 501 161 525 ac
194 488 296 539 quod
327 488 535 536 praecedit.
577 512 629 516 —-
672 490 960 540 Persequamur
990 504 1094 528 nunc
1122 489 1203 528 fata
1233 491 1371 528 horum
1403 503 1540 538 provv.

118 555 249 606 qualia
279 555 359 593 sint
387 557 490 605 apud
522 561 672 595 ceteros
702 558 1085 607 paroemiographos‚
1121 571 1219 609 quae
1252 558 1397 607 optime
1427 558 1542 596 intel-

116 623 316 672 legentur,
358 624 551 676 siquidem
592 638 611 662 e
649 625 848 673 Stephano
887 625 1171 674 proficiscimur
1212 626 1373 677 eiusque
1411 630 1542 664 tamen

116 692 238 729 uerba
275 692 456 741 primitus
496 693 696 744 aliquanto
737 694 925 742 ampliora
966 694 1037 731 tibi
1070 693 1197 741 fingis.
1259 693 1355 731 Tum
1388 707 1542 732 causam

116 760 316 808 inuenies,
360 775 427 799 cur
462 774 484 798 a
515 761 739 814 Photio79)
772 764 817 800 ad
850 775 966 800 uoces
1004 760 1183 807 Τενέδιος
1213 757 1451 811 ἄνθρωπος,
1499 763 1539 798 Τ.

117 825 345 878 ξυνήγορος,
382 831 428 866 T:
447 827 610 875 πέλεκυς
641 833 798 869 eaedem
821 832 967 882 ubique
989 831 1273 880 explicationes
1296 832 1542 880 adponantur

116 910 215 949 quae
247 911 382 936 01111105
414 899 642 938 deriuantur
673 913 692 937 e
724 900 912 948 Stephani
944 906 1114 937 auctore.
1175 900 1310 937 Eidem
1332 900 1434 938 fonti
1457 912 1541 937 sese

115 966 347 1014 adplicuisse
369 967 525 1005 uidetur
545 969 711 1017 Diogen.
730 969 840 1014 VIII,
864 971 912 1005 58
936 968 1110 1019 itemque
1133 968 1368 1018 Hesychius,
1393 968 1540 1018 quippe

116 1034 183 1085 qui
223 1037 362 1084 poetae
401 1035 599 1073 cuiusdam
639 1050 791 1074 uersum
835 1050 913 1074 non
953 1036 998 1072 de
1030 1049 1098 1074 5110
1131 1036 1318 1073 adiecisse
1349 1036 1539 1073 uideatur.

115 1102 266 1140 Fabula
297 1116 395 1154 quae
428 1104 474 1140 de
507 1104 642 1141 Tenue
674 1106 892 1150 ferebatur,
935 1104 1051 1141 nimis
1082 1110 1175 1141 nota
1205 1104 1308 1150 fuit,
1351 1116 1466 1154 quam
1498 1107 1541 1140 ut

115 1183 211 1217 eam,
243 1183 359 1222 quam
390 1172 508 1209 tradit
533 1173 710 1210 Eustath.
736 1176 798 1218 33,
824 1172 956 1220 228⁰)
989 1173 1134 1209 eisdem
1167 1173 1391 1209 nominibus
1422 1175 1539 1222 atque

75 1238 78 1240 ’
114 1239 218 1287 apud
248 1239 434 1278 Photium
465 1248 705 1287 exornatam,
737 1242 838 1279 fonti
872 1241 954 1278 01115
987 1241 1203 1278 Pausaniae
1235 1241 1461 1278 adscribam.
1484 1261 1538 1266 —

114 1307 189 1345 Sed
221 1307 304 1346 siue
335 1308 548 1346 Pausanias
588 1311 670 1347 siue
703 1310 801 1347 alius
833 1310 920 1360 quis
952 1309 1047 1355 fuit,
1091 1310 1227 1359 utique
1268 1309 1370 1347 inter
1410 1308 1539 1345 Lucil-

112 1375 194 1413 lum
235 1376 353 1427 (apud
398 1377 658 1427 Stephanum)
706 1384 743 1415 et
785 1378 969 1416 Photium
1016 1382 1213 1415 auctorem
1260 1377 1537 1426 interpositum

114 1456 312 1492 agnosces.

226 1512 289 1551 Sic
329 1513 422 1550 satis
463 1514 726 1551 demonstrarii
768 1514 977 1563 prouerbia
1016 1526 1115 1565 quae
1155 1515 1256 1562 apud
1296 1513 1537 1562 Stephanum

111 1584 180 1619 aut
216 1582 318 1619 nuda
354 1586 532 1630 prostant
572 1587 638 1619 aut
669 1582 785 1620 etiam
818 1595 921 1619 nunc
953 1582 1172 1619 rationibus
1204 1582 1346 1620 additis
1386 1581 1536 1620 auctori

112 1649 264 1687 cuidam
294 1650 437 1697 deberi,
469 1651 572 1688 unde
600 1652 717 1689 etiam
748 1657 853 1689 totus
884 1651 1055 1700 pendeat
1085 1651 1280 1688 Zenobius
1311 1649 1367 1698 (et
1389 1651 1533 1687 Pausa-

111 1717 224 1767 nias),
257 1731 370 1769 quem
404 1719 500 1756 duos
530 1724 681 1756 tantum
714 1732 850 1768 provv.
883 1725 1059 1756 auctores·
1082 1732 1195 1755 nosse
1218 1732 1268 1755 ex
1290 1718 1404 1756 titulo
1426 1731 1536 1767 prae-

111 1786 191 1823 fixo
223 1790 385 1824 constat.
444 1787 581 1825 Utrum
615 1788 795 1838 equidem
827 1787 1061 1835 praeferam,
1094 1786 1243 1823 nullum
1275 1793 1333 1824 est
1364 1787 1535 1831 dubium,

112 1854 205 1905 quia
234 1855 310 1891 iam
341 1854 423 1892 sola
452 1855 604 1892 ratione
637 1857 774 1893 ductus
805 1855 998 1892 Lucillum
1039 1855 1128 1892 libri
1159 1854 1373 1892 Zenobiani
1413 1854 1536 1892 solum

112 1925 307 1960 auctorem
347 1923 468 1960 fuisse
499 1924 611 1972 posui
644 1930 761 1974 atque
793 1937 896 1960 nunc
926 1924 965 1959 111
998 1937 1075 1960 11110
1111 1924 1268 1973 quidem
1299 1937 1409 1972 prov.
1443 1922 1535 1959 Tar-

111 1990 220 2029 rhaei
250 1991 371 2028 uerba
401 1996 615 2030 ceterorum
649 1992 879 2041 scriptorum
914 1991 1129 2028 sententias
1160 1991 1342 2040 amplecti
1374 2004 1417 2028 ac
1442 2004 1536 2029 con-

112 2059 267 2096 cludere
287 2059 472 2097 uidentur
503 2058 625 2109 (Δωδ.
650 2061 783 2108 locam).
847 2059 1059 2097 Confirmat
1081 2059 1250 2109 denique
1272 2072 1396 2096 meam
1417 2059 1535 2097 ratio-

111 2126 345 2165 cinationem
377 2128 451 2165 hoc
479 2128 678 2174 indicium,
711 2128 814 2178 quod
846 2127 1071 2164 Herennius
1102 2127 1216 2164 Philo
1249 2127 1412 2177 Byblius
1443 2127 1533 2165 Tar-

110 2195 200 2233 haei
239 2208 327 2232 cum
365 2195 486 2233 libros
524 2210 661 2245 provv.
693 2202 773 2234 tres
814 2197 868 2233 ita
909 2196 1140 2243 cognouisse
1181 2195 1352 2242 uidetur,
1395 2202 1437 2234 ut
1468 2210 1534 2234 eos

114 2264 282 2312 optimos
314 2276 398 2301 esse
429 2264 602 2302 iudicare
632 2265 816 2314 potuerit,
849 2272 930 2302 tum
962 2264 1202 2313 prooemium
1234 2277 1367 2301 eorum
1397 2277 1535 2302 reuera

111 2329 154 2367 in
184 2330 328 2368 librum
360 2333 552 2383 quendam
595 2346 705 2370 suum
736 2333 884 2381 recepit
916 2336 954 2370 et
985 2345 1006 2368 a
1036 2332 1136 2369 libro
1169 2332 1347 2370 Philonis
1378 2333 1533 2371 urbium

205 2479 260 2515 79)
285 2487 379 2515 quem
405 2478 519 2508 Suidas
544 2479 696 2509 describit
721 2489 745 2508 s.
765 2489 797 2508 v.
825 2476 901 2510 Τεν.
928 2474 1101 2518 ἅνῇρωτῑος
1137 2483 1168 2508 et
1193 2477 1233 2509 T.
1259 2477 1421 2516 πέλεκυς,
1457 2481 1533 2510 dum

111 2538 207 2564 antea
229 2545 255 2565 s.
273 2544 305 2563 v.
332 2532 407 2566 Τεν.
432 2530 608 2575 ἄνδρωπος
631 2536 812 2565 Zenobium
836 2540 981 2565 nostrum
1004 2536 1168 2574 compilat.

205 2593 262 2629 80)
295 2591 390 2621 Certo
424 2593 644 2622 contenderim
676 2602 792 2622 nomen
827 2593 946 2622 sororis
974 2590 1148 2624 Δευκοᾏέα
1180 2596 1366 2631 corruptum
1399 2603 1469 2624 esse
1494 2603 1533 2622 ex

112 2643 263 2688 ζΗμιῖῐέοι
287 2653 420 2687 propter
444 2650 569 2678 insulae
597 2659 712 2680 nomen
740 2650 823 2686 quod
850 2650 1027 2686 antecedit,
1053 2644 1261 2689 Λευκόφρυς.
1313 2646 1475 2691 (Ημιὲεά
1500 2650 1532 2680 111

114 2704 221 2735 Photii
245 2706 338 2735 titulo
362 2703 549 2744 inuenitur.)
