1951 3203
674 180 956 223 „41-

106 282 209 321 enim
230 297 266 333 p.
286 284 359 322 67:
389 296 458 331 „ac
479 284 657 334 primum,
681 285 822 338 inquit,
846 285 937 323 uide
959 285 1151 324 Boe‘thum
1172 286 1365 336 imprimis
1386 299 1527 336 magna

107 364 193 389 cum
224 351 426 400 diligentia
456 352 756 402 interpretatum
778 353 898 391 fuisse
922 354 1132 403 prouerbia
1153 355 1295 406 quibus
1316 355 1428 393 Plato
1451 356 1528 393 uti-

104 422 178 466 tur,
210 420 257 456 de
287 432 364 471 qua
392 433 433 457 re
455 421 777 461 Schneidewinus
806 422 883 459 iam
915 421 1066 459 monuit
1096 422 1136 459 in
1159 422 1408 461 Praefatione
1434 423 1528 460 Par-

106 487 510 537 oemiographorum.“
568 489 643 527 Sed
665 489 986 529 Schneidewinus
1016 490 1189 527 nondum
1223 491 1268 528 de
1292 491 1440 528 Boetho
1467 504 1528 528 co-

104 555 315 603 gitauerat‚
348 569 463 606 quem
494 557 674 594 Naberus
705 558 859 595 demum
890 561 1051 606 propter
1080 558 1259 595 crebrum
1289 558 1394 596 inter
1425 559 1528 596 Pho-

104 623 202 661 tium
247 624 471 675 scholiaque
511 626 689 663 Platonis
733 638 964 663 consensum
1008 626 1203 664 detexisse
1248 626 1322 663 sibi
1362 626 1529 664 uidetur.

106 691 228 732 Quam
265 693 312 730 ob
343 706 423 730 rem
456 698 495 732 et
525 693 664 732 Boethi
703 693 822 731 libros
860 705 910 730 ex
941 693 1075 745 eisque
1113 694 1282 731 maxime
1320 694 1530 742 prouerbia

106 760 317 809 diligenter
346 761 572 799 adhibuisse
605 761 860 799 Scholiastam
895 761 1097 810 opinatum
1142 774 1261 812 quare
1292 761 1377 800 fieri
1407 766 1451 800 ut
1481 775 1532 800 ex

105 829 263 867 scholiis
294 829 504 876 Boethum,
537 842 716 878 magnam
748 833 919 878 partem,
951 829 991 866 in
1023 829 1095 866 hac
1127 829 1283 880 quidem
1308 842 1350 866 re
1372 830 1532 868 reficere

105 900 307 947 possimus.
368 900 421 936 At
449 898 550 936 hanc
581 897 737 949 quidem
771 897 1038 948 quaestionem
1072 897 1253 934 breuiore
1293 910 1410 934 manu
1440 911 1531 936 con-

104 965 198 1003 fecit
227 965 406 1003 Naberus
447 978 561 1016 quam
601 969 644 1002 ut
681 965 969 1014 probabilitatis
1009 965 1178 1014 speciem
1216 978 1309 1014 prae
1340 978 1380 1003 se
1418 966 1529 1004 ferat.

105 1034 400 1072 Demonstrauit
423 1034 499 1071 iam
524 1035 765 1072 Mettauerus
789 1034 911 1071 multa
933 1038 1080 1072 restare
1111 1034 1332 1083 prouerbia‚
1366 1047 1531 1085 quorum

104 1102 388 1151 explicationes
418 1103 464 1140 ad
496 1102 591 1140 alios
622 1106 799 1141 auctores
830 1102 1057 1139 referendae
1090 1106 1239 1148 essent,
1284 1102 1450 1151 primum
1483 1102 1530 1139 ad

104 1170 419 1219 NeoplatonicOS‚
451 1170 562 1208 uelut

218 1239 264 1276 ad
306 1238 533 1276 Proclum
576 1239 614 1288 1)
651 1234 793 1293 (μύρον
824 1233 921 1275 κατά
952 1239 1021 1287 τῆς
1051 1238 1226 1287 κεφαλῆς
1258 1266 1392 1274 .....
1426 1231 1478 1281 ὥς
1509 1231 1533 1274 ὅ

107 1303 226 1357 μέγας
261 1302 442 1357 Πρόκλος
473 1305 585 1356 φησί’
618 1308 670 1358 (p.
691 1310 766 1345 401
785 1307 832 1357 B)
865 1308 1061 1345 Mettauer
1091 1320 1129 1356 p.
1154 1310 1217 1344 33.
1249 1329 1302 1333 -
1335 1306 1394 1343 Ne
1425 1305 1533 1355 prior

106 1376 262 1427 quidem
295 1375 504 1424 explicatio
543 1389 615 1413 nos
646 1375 790 1423 tangit,
834 1375 1017 1426 quoniam
1050 1376 1248 1413 Mettauer
1278 1387 1314 1423 p.
1339 1374 1387 1411 37
1422 1373 1532 1427 ‘alius

106 1444 303 1482 cuiusdam
325 1443 549 1492 philosophi
571 1443 752 1492 Neoplat.
775 1447 899 1480 totum
923 1442 1117 1491 dialogum
1148 1442 1397 1491 interpretati
1430 1455 1533 1480 eom-

107 1512 297 1550 mentario
329 1513 513 1550 continuo
545 1513 684 1551 tribuit
715 1525 848 1550 omnes
879 1512 1037 1560 glossas,
1071 1525 1170 1563 quae
1196 1512 1252 1550 ita
1282 1524 1368 1549 cum
1399 1512 1532 1549 Procli

108 1580 247 1628 glossis
269 1581 499 1619 coniunctae
522 1585 613 1619 sunt
633 1586 676 1619 ut
696 1581 786 1618 illae
817 1581 948 1629 priore
971 1580 1066 1628 loco,
1099 1580 1172 1617 hae
1204 1584 1332 1618 autem
1365 1580 1532 1618 secundo

109 1648 258 1697 positae
289 1646 391 1687 sint?
452 1650 492 1699 2)
523 1643 558 1706 ‘o‘
589 1649 721 1696 μῦθος
753 1643 898 1696 ἐσώθη’
930 1649 983 1697 (p.
1007 1651 1087 1685 422
1102 1648 1149 1696 B)
1182 1660 1296 1700 quem
1327 1648 1455 1686 locum
1486 1648 1534 1685 ad

108 1718 273 1755 uerbum
313 1718 550 1766 descriptum
590 1717 682 1755 uide
720 1717 761 1754 in
791 1717 924 1766 Spicil.
957 1718 1068 1754 Rom.
1092 1716 1195 1754 VIII
1226 1729 1306 1766 cap.
1332 1716 1403 1754 57:
1445 1715 1534 1753 uide

109 1786 220 1823 Mett.
243 1789 362 1835 p.33.
424 1786 463 1835 3)
506 1782 594 1842 ‘3292
626 1783 691 1822 καὶ
733 1783 847 1822 παντὶ
882 1779 1095 1835 διαφέρειν’
1136 1786 1189 1835 (p.
1214 1788 1293 1822 458
1316 1785 1382 1835 B),
1425 1784 1534 1821 cuius

110 1854 306 1892 sententia
336 1854 473 1892 similis
504 1854 673 1892 occurrit
702 1854 742 1890 in
773 1853 904 1891 Procli
937 1853 1213 1891 commentario
1246 1853 1293 1889 ad
1324 1852 1451 1891 Alcib.
1477 1865 1534 1901 pr.

111 1924 164 1972 (p.
185 1923 262 1960 217
288 1922 439 1972 Creuz.)
471 1923 560 1959 uide
583 1923 695 1959 Mett.
718 1935 755 1970 p.
775 1925 825 1958 29
845 1920 922 1971 31).
956 1943 1010 1948 ——
1040 1921 1181 1958 Nescio
1205 1933 1273 1958 cur
1293 1921 1395 1958 idem
1421 1934 1531 1970 prov.

111 1992 215 2044 quod
253 1991 300 2028 ad
338 1989 634 2039 Rempublicam
674 1993 783 2027 extat
821 2002 856 2038 p.
882 1992 961 2026 406
985 1989 1015 2025 Β
1058 1988 1211 2026 dubitet
1241 2002 1277 2038 p.
1302 1989 1351 2025 37
1394 1988 1533 2026 Proclo

109 2060 288 2098 addicere
319 2059 385 2096 sed
415 2058 549 2106 ignoto
574 2057 725 2095 cuidam
746 2056 1032 2106 Neoplatonico
1063 2056 1235 2094 tribuere
1268 2056 1388 2095 malit.
1435 2057 1535 2094 Con-

112 2129 204 2167 cedo
243 2130 372 2165 autem
412 2139 473 2164 me
514 2127 560 2164 de
604 2126 644 2176 4)
681 2120 743 2180 4σὺ
776 2122 841 2162 καὶ
873 2122 960 2173 ἐμοὶ
992 2120 1106 2174 {peis-¹
1142 2124 1320 2162 dubitare
1351 2128 1481 2163 utrum
1514 2136 1534 2161 e

110 2196 250 2234 Proclo
288 2208 338 2233 an
370 2208 449 2233 non
489 2194 621 2244 potius
659 2207 709 2232 ex
740 2193 862 2231 altero
896 2196 1200 2231 commentatore
1230 2192 1394 2230 fluxerit
1432 2192 1534 2242 (pag.

113 2265 191 2301 417
208 2265 256 2315 B)
288 2264 377 2301 uide
409 2265 521 2302 Mett.
544 2277 578 2313 p.
598 2263 661 2301 37.
694 2284 748 2290 —
792 2262 882 2300 Ueri
925 2262 1051 2299 simile
1093 2261 1264 2299 reddidit
1293 2261 1536 2298 Mettauerus

111 2332 154 2369 in
185 2332 459 2381 disputatione,
492 2344 569 2383 qua
599 2331 755 2370 Scholia
785 2332 831 2368 ad
854 2330 1037 2378 Gorgiam
1069 2330 1214 2379 scripta
1244 2333 1395 2376 tractat,
1426 2342 1464 2378 p.
1488 2332 1533 2365 19

115 2402 224 2436 —24
255 2413 364 2448 prov.
410 2401 449 2450 5)
486 2396 676 2455 (πολέμου
708 2396 773 2436 καὶ
806 2395 930 2448 μάχης
961 2391 1270 2449 μεταλαγχάιέιν’
1310 2396 1361 2446 (p.
1387 2397 1465 2434 337
1488 2397 1536 2446 Β)

114 2469 206 2521 quia
245 2468 401 2518 plenius
443 2469 652 2507 exhibetur
695 2480 811 2519 quam
852 2468 899 2505 ab
944 2467 1224 2517 Olympiodoro
1268 2465 1320 2515 (p.
1353 2469 1374 2502 8
1406 2464 1535 2515 Iahn.)

204 2584 261 2619 81)
293 2581 509 2611 Praeteruidit
538 2591 568 2619 p.
591 2582 653 2610 387
680 2580 848 2621 B(ekker).
881 2576 943 2620 τὴν
977 2575 1223 2618 ἀνδραποδώδη
1256 2575 1352 2620 τρίχα
1380 2604 1385 2609 .
1407 2602 1412 2607 .
1432 2600 1439 2608 .
1462 2602 1467 2606 .
1493 2578 1531 2607 cl.

115 2638 246 2678 Olymp.
278 2644 311 2679 (a
334 2637 530 2667 Ruhnkenio
556 2637 596 2666 ad
622 2637 790 2666 Timaeum
814 2646 844 2674 p.
865 2638 906 2667 28
933 2635 1128 2675 enotatum),
1165 2636 1239 2664 dum
1264 2635 1332 2665 cod.
1359 2635 1480 2665 Zenob.
1509 2635 1534 2663 B

119 2698 180 2726 113
206 2695 247 2725 ad
271 2695 366 2733 Diog.
385 2695 409 2731 1,
429 2696 470 2724 73
496 2703 560 2723 una
585 2703 656 2723 cum
673 2694 844 2724 Eustathio
870 2703 901 2732 p.
922 2694 974 2730 79,
1002 2694 1020 2723 8
1044 2693 1239 2724 Pausaniam
1256 2693 1393 2723 fortasse
1417 2692 1533 2731 prodit.

117 2752 244 2794 (Suidas
268 2752 300 2782 ΙΙ
324 2761 341 2781 e
365 2751 432 2781 cod*
452 2747 502 2792 Β.)
