1951 3203
874 151 1155 193 „33-

307 269 406 306 quae
437 256 620 293 cohaeret
649 269 734 293 cum
766 255 841 292 isto
868 248 1089 297 Νάννακος,
1123 253 1225 290 unde
1255 252 1440 302 prouenit
1468 264 1591 301 prov„
1623 250 1727 301 quod

306 327 365 361 est
394 323 435 360 in

539 391 620 427 cod.
644 391 683 426 M
707 390 758 435 H,
783 384 845 438 ρα’
1045 383 1099 424 To}
1133 382 1212 423 ἀπὸ
1247 381 1462 423 Ναννάκου

539 458 623 495 cod.
654 458 684 493 P
717 456 825 506 (Zen.
847 456 915 503 VI,
944 455 1009 505 10)
1048 451 1103 492 To}
1248 448 1462 491 Ναννάκου

539 525 621 562 cod.
653 525 683 561 B
855 554 876 570 ‚‚
1130 517 1224 559 'And
1261 518 1452 559 Νανάκου

307 594 463 630 Summa
493 605 587 629 uero
619 604 710 629 cura
739 591 777 628 id
809 592 1001 640 agendum
1029 596 1088 629 est
1108 603 1157 627 ne
1179 591 1351 628 diuersas
1374 590 1618 628 narrationes
1639 603 1729 627 con-

307 661 524 698 fundamus.
583 660 724 711 Itaque
765 661 846 697 cod.
880 661 920 696 M
962 660 1072 697 nouit
1109 654 1184 714 cTo}
1226 654 1305 696 dno*
1340 654 1399 695 N.'
1435 659 1511 697 dici
1552 655 1613 694 ἐπὶ
1653 658 1731 694 τῶν

309 726 371 766 ἐπὶ
403 724 632 776 παλαιότητι
665 724 998 775 θαυμαζομένων,
1040 740 1126 764 cum
1157 727 1366 764 Nannacus
1396 727 1472 764 iam
1505 731 1595 765 ante
1626 727 1730 763 Deu-

309 797 498 835 calionem
537 796 657 833 fuerit
695 800 735 833 et
774 795 918 832 uiderit
956 795 1226 832 inundationis
1266 795 1379 833 istius
1417 799 1584 833 aetatem
1622 795 1733 832 uelut

309 865 488 902 Herodes
529 863 832 912 iambographus
872 863 976 901 canit
1011 861 1090 916 ‘ilva
1123 858 1168 898 to}
1202 858 1418 914 Ναννάκου
1458 858 1644 901 κλαύσω’.
1677 885 1732 890 -

310 933 372 970 Ex
401 932 486 980 ipsa
516 932 678 969 historia
709 932 830 969 altera
854 931 1062 980 explicatio
1097 932 1210 969 ducta
1232 935 1290 969 est
1313 944 1428 982 quam
1460 931 1564 970 solus
1595 932 1677 969 cod.
1699 932 1730 968 P

309 1006 398 1050 post
427 1001 595 1049 priorem
628 1000 790 1037 exhibet
821 994 846 1048 ἢ
877 997 939 1036 ἐπὶ
971 1000 1044 1035 τών
1077 994 1197 1036 πολλοὶ
1232 995 1499 1049 θρηνούντων.
1560 1001 1731 1037 Prorsus

310 1069 356 1105 ad
388 1068 591 1105 arbitrium
623 1080 673 1104 ex
702 1068 949 1119 antiquitatis
981 1073 1176 1106 momento
1209 1069 1323 1106 ducta
1354 1068 1511 1106 uidetur
1540 1068 1734 1117 interpre-

310 1136 418 1182 tatio,
451 1149 548 1187 quae
580 1136 723 1184 legitur
752 1136 793 1172 in
825 1137 906 1173 cod.
932 1136 960 1172 B
988 1139 1062 1172 140
1097 1141 1242 1173 etcum
1275 1136 1484 1183 singularis
1515 1135 1566 1174 sit
1596 1140 1732 1174 nostro

311 1204 394 1241 iure
426 1204 539 1241 nobis
570 1204 772 1240 abicienda
803 1204 887 1241 erit.
946 1203 1044 1240 Illae
1075 1217 1168 1241 uero
1202 1205 1299 1241 duae
1330 1205 1614 1254 explicationes
1645 1217 1734 1242 con-

311 1272 468 1309 iunctae
500 1285 582 1309 esse
613 1272 798 1309 uidentur
835 1271 876 1308 in
908 1271 1106 1320 Stephano
1139 1272 1190 1321 (p.
1216 1275 1307 1319 329,
1335 1272 1420 1322 17),
1465 1272 1530 1323 qui
1568 1272 1735 1321 primum

313 1344 445 1377 narrat
483 1335 543 1376 ὅτι
575 1331 622 1387 ἦν
654 1353 708 1383 τις
738 1334 924 1383 Ἀννακός
963 1335 1005 1384 ὃς
1037 1337 1165 1387 ἔζησεν
1205 1335 1303 1388 ’ὑπὲρ
1345 1336 1391 1377 τοὶ
1424 1336 1628 1389 τριακόσια
1669 1337 1734 1389 ἔτη

314 1421 357 1445 ac
387 1414 469 1445 tum
498 1407 612 1445 istius
643 1407 829 1445 historiae
866 1403 974 1461 (τοὺς
1006 1404 1045 1443 ὸὲ
1077 1405 1186 1456 πέριξ
1219 1403 1511 1455 μαντεύσασθαι
1538 1406 1610 1452 ἕως
1632 1408 1736 1452 τίνος

314 1470 540 1523 βιώσεσθαι.
587 1471 711 1523 ἐδόθη
738 1472 778 1512 δὲ
801 1471 971 1524 χρησμός
1004 1471 1061 1512 ὅτι
1093 1471 1234 1513 τούτου
1267 1471 1562 1525 τελευτήσαντος
1593 1472 1737 1520 πάντες

315 1538 670 1593 διαφθαρήσονται.
723 1542 773 1580 Οἵ
797 1541 837 1580 δὲ
864 1540 1018 1593 Φρύγες
1044 1539 1282 1588 ἀκούσαντες
1314 1540 1511 1594 ἐθρήνουν
1543 1538 1738 1594 σφοόρῶς’

314 1611 478 1649 alterum
510 1618 553 1649 ut
581 1613 738 1649 uidetur
769 1612 875 1650 addit
906 1625 1037 1661 prov.:
1069 1608 1167 1649 ὅθεν
1198 1610 1345 1662 naim)
1370 1612 1559 1663 παροιμία
1587 1609 1645 1668 ‘to‘
1672 1610 1736 1651 ἐπὶ

313 1676 503 1718 Ἀννακοῦ
541 1677 736 1717 κλαύσειν’
773 1678 835 1717 ἐπὶ
875 1682 952 1717 τῶν
990 1680 1076 1717 λίαν
1113 1679 1393 1730 οἰκτιζομένων.
1453 1682 1541 1720 Hoc
1580 1681 1737 1732 quidem

317 1750 429 1786 modo
462 1749 647 1797 coniungi
679 1761 793 1797 posse
827 1748 982 1786 uidetur
1011 1749 1202 1798 Stephani
1241 1750 1411 1787 narratio
1444 1763 1530 1787 cum
1561 1750 1644 1787 cod.
1668 1749 1738 1786 Ze-

317 1817 487 1855 nobiano
511 1818 552 1862 P,
587 1817 654 1868 qui
687 1818 839 1854 easdem
873 1817 966 1854 duas
995 1817 1216 1866 explicandi
1247 1818 1418 1855 rationes
1449 1818 1642 1855 seruauit:
1673 1831 1740 1854 ne-

319 1899 393 1937 que
426 1899 522 1934 opus
553 1885 709 1922 uidetur
740 1885 861 1934 priori
894 1885 951 1922 illi
983 1886 1198 1932 enuntiato,
1232 1887 1335 1936 quod
1357 1899 1377 1923 e
1398 1885 1587 1935 Stephani
1608 1885 1740 1923 uerbis

318 1954 490 2000 seiunxi,
532 1967 642 1991 suum
675 1966 832 2004 quoque
864 1954 1003 1990 lemma
1033 1954 1268 2002 praefigere,
1301 1955 1507 1992 dummodo
1541 1944 1739 2001 concedas,

317 2021 531 2058 zenobium
577 2022 728 2058 demum
773 2022 814 2057 in
856 2035 991 2070 provv.
1036 2022 1292 2070 excerpendis
1334 2022 1397 2071 (cf.
1438 2016 1569 2070 Ἀβυὸ.
1612 2020 1738 2071 ἔπιφ.)

318 2089 493 2126 Nanuaci
525 2089 798 2140 antiquitatem
829 2089 1055 2138 praeualere
1076 2095 1233 2138 putasse
1255 2090 1422 2141 ideoque
1443 2089 1740 2138 praescripsisse

318 2151 364 2193 τοὶ
395 2151 474 2193 ἀπό
511 2157 648 2202 Νανν.,
680 2157 783 2193 unde
815 2162 853 2194 et
884 2158 964 2194 cod.
988 2158 1018 2193 P
1051 2163 1089 2195 et
1122 2158 1232 2205 ΒΗ)
1266 2171 1334 2195 sua
1366 2158 1654 2196 deriuauerunt.

433 2225 571 2262 Restat
600 2238 679 2261 uox
719 2222 882 2268 Τένεδος
920 2225 973 2274 (p.
995 2229 1072 2262 615
1097 2225 1182 2277 sq),
1223 2239 1300 2277 qua
1336 2226 1412 2264 tria
1448 2239 1586 2275 provv.
1618 2225 1740 2264 conti-

321 2296 463 2329 nentur
508 2290 684 2336 Τενέδιος
719 2288 906 2340 αὐλητής,
946 2294 984 2329 Τ.
1018 2292 1197 2337 πέλεκυς,
1237 2295 1275 2329 Τ.
1309 2289 1533 2344 ξυνήγορος.
1593 2294 1740 2332 Aretis-

320 2360 413 2397 time
453 2361 581 2397 omnia
622 2361 725 2398 inter
766 2374 848 2398 sese
881 2362 1088 2398 cohaerere
1119 2362 1226 2410 ipsae
1257 2362 1601 2410 interpretationes
1632 2362 1740 2399 euin-

321 2432 424 2464 cunt.
483 2428 606 2476 Legas
649 2442 751 2466 nunc
792 2430 895 2480 quod
925 2429 1015 2466 Zen.
1041 2429 1106 2475 VI,
1131 2433 1152 2465 9
1188 2431 1258 2477 (=
1278 2430 1319 2466 M
1341 2431 1371 2476 I,
1395 2424 1452 2476 μζ
1484 2431 1566 2467 cod.
1587 2430 1618 2466 B
1650 2443 1738 2467 con-

321 2495 496 2542 tractius)
529 2497 707 2542 tradidit,
751 2503 788 2534 et
820 2498 1008 2534 concedes
1039 2497 1166 2534 inesse
1198 2497 1361 2534 fabellas
1392 2497 1496 2543 illas,
1529 2510 1624 2548 quas
1655 2498 1740 2534 Ste-

415 2597 468 2633 77)
495 2596 550 2626 καὶ
574 2611 617 2622 =
644 2603 821 2635 praetcrea.
861 2599 899 2627 cf.
927 2609 950 2627 s.
969 2609 1000 2627 v.
1019 2593 1178 2638 ”Aeuom

414 2654 469 2691 78)
496 2653 610 2682 Suidas
635 2665 656 2682 s.
677 2665 706 2682 v.
736 2652 907 2690 Κάννακῡς
940 2661 969 2683 et
1005 2652 1045 2686 τὰ
1071 2653 1243 2685 Ναυήκου
1269 2652 1456 2695 κλαύσομαι
1489 2654 1614 2684 codices
1638 2654 1740 2683 Zeno—

323 2709 436 2739 bianos
463 2710 553 2747 sequi
579 2710 715 2739 uidetur.
