1951 3203
915 146 1195 189 —34-

347 253 568 291 audiantur.
628 250 945 300 Pausaniamssss)
977 254 1125 298 autem,
1156 252 1262 289 hunc
1293 251 1455 290 alterius
1487 252 1634 290 saeculi
1663 267 1700 304 p.
1723 253 1764 292 C.

347 325 557 366 auctorem,
590 323 658 356 aut
681 319 811 368 ipsum
832 319 1031 356 Lucillum
1058 322 1125 356 aut
1145 319 1438 367 Diogenianum
1461 320 1570 358 adire
1591 321 1766 371 potuisse

346 403 460 427 nemo
491 387 663 435 negabit.
723 387 865 437 Itaque
898 400 1036 424 censeo
1068 401 1089 423 a
1119 386 1291 424 Zenobio
1323 401 1369 425 ea
1398 387 1575 438 provin,
1594 402 1694 439 quae
1723 388 1767 426 in

346 455 535 507 Stephani
567 468 661 492 uoce
691 454 806 492 iuxta
836 454 964 504 posita
994 454 1035 492 in
1059 454 1199 492 ceteris
1225 455 1339 493 h'bris
1360 457 1474 494 modo
1497 456 1638 494 adlatis
1659 460 1766 494 recte

347 525 546 574 disparata
571 526 720 568 extant,
750 522 857 560 inter
889 536 972 560 sese
1003 522 1203 572 permixta
1234 536 1329 569 esse,
1362 537 1449 561 cum
1479 537 1636 575 provv.,
1666 537 1766 575 quae

346 594 394 631 ad
422 605 540 630 unam
571 592 707 628 urbem
739 590 1004 640 pertinebant,
1035 590 1077 627 in
1107 590 1268 628 breuius
1299 591 1480 640 redigere
1512 593 1699 630 studeret.

458 660 604 697 Pedem
642 660 887 709 proferamus
926 660 974 696 ad
1012 672 1050 696 v.
1082 653 1287 703 ’Ἄκανθος
1327 659 1381 710 (p.
1406 663 1455 697 56
1493 659 1655 709 Mein.),
1698 658 1768 698 ubi

347 731 532 780 quattuor
561 727 726 765 urbibus
759 726 1055 774 cognominibus
1086 727 1294 765 recensitis
1325 727 1457 777 pergit
1486 732 1623 766 auctor
1655 725 1693 774 ἔξ
1718 718 1768 765 οὗ

345 794 411 833 καὶ
436 794 626 845 παροιμία
657 790 877 850 ίἈκάνθιος
900 791 1052 839 τέττιξ,
1087 792 1148 831 ἐπὶ
1180 796 1257 832 τῶν
1288 790 1463 842 ἀφώνων
1493 797 1662 833 τοιοῦτοι
1694 789 1768 845 γοῖρ

346 862 387 901 οἷ
409 864 477 912 τῆς
501 859 627 911 χώρας
652 859 826 913 τέττιγες,
861 856 913 906 ὥς
936 862 1173 911 Σιμωνίδης.
1234 864 1378 901 Confer
1400 865 1492 902 Zen.
1514 865 1548 911 Ι,
1572 867 1618 902 51
1647 863 1765 913 (MiU.

344 933 424 978 HI,
447 928 517 980 ρξ’,
549 930 617 967 ubi
649 931 844 968 nescimus
875 945 969 967 num
1001 945 1032 968 e.
1051 945 1086 979 g.
1119 931 1331 969 Simonidis
1362 932 1635 970 testimonium
1666 930 1768 969 exti-

345 999 455 1049 terit)
497 1003 615 1050 atque
656 999 791 1036 eadem
830 1001 951 1037 uerba
989 999 1170 1037 inuenies
1207 993 1284 1036 Ἀκ.
1318 1014 1346 1035 τ.
1380 997 1444 1037 εἰτὶ
1475 1000 1553 1037 τῶν
1592 994 1769 1047 ἀφώνων

347 1067 510 1117 (codicis
540 1068 571 1104 B
603 1063 771 1113 ἀφανῶν
802 1067 921 1104 nihili
953 1068 1027 1117 est)
1066 1065 1130 1104 καὶ
1162 1062 1342 1117 (μάλιστα
1372 1068 1421 1117 Β)
1453 1062 1639 1116 ἀμούσων
1668 1063 1769 1118 λέγε-

345 1149 406 1172 ται
446 1135 573 1184 (deest
611 1135 653 1172 in
684 1136 732 1184 B)
770 1130 946 1185 παρόσον
986 1133 1026 1172 οἱ
1064 1131 1254 1173 ἆκοὶνθιοι
1294 1133 1455 1186 τέττιγες
1494 1131 1567 1174 οὐκ
1605 1130 1771 1188 ᾄδουσιν

344 1199 462 1254 [ὅθεν
494 1201 592 1252 ἐρεῖς
623 1201 688 1240 καὶ
720 1198 1002 1252 Ἀμουσότερος
1030 1200 1229 1241 ἆκανθίου
1261 1201 1430 1255 τέττιγος
1450 1203 1502 1255 Β]
1535 1203 1769 1254 quibuscum

343 1272 457 1320 Diog.
481 1272 513 1318 I,
537 1275 587 1309 49
622 1275 661 1309 et
692 1271 832 1309 Suidas
863 1272 946 1309 fere
979 1271 1202 1310 concinunt.

458 1341 517 1377 Ne
561 1340 727 1377 eundem
764 1353 808 1377 ac
839 1339 1064 1377 Meinekius
1105 1353 1279 1378 errorem
1319 1339 1561 1378 committam
1593 1339 1661 1390 qui
1690 1353 1770 1377 non

345 1409 455 1445 nulla
485 1421 625 1457 provv.
657 1408 700 1445 in
732 1408 868 1445 Indice
899 1408 1182 1458 praeteruidit,
1223 1409 1365 1459 loquar
1404 1421 1510 1446 nunc
1540 1408 1587 1445 de
1619 1404 1771 1444 ἀναπα-

345 1472 486 1524 ριάζειν
507 1476 548 1513 in
570 1489 665 1514 uoce
694 1471 840 1524 Πάρος,
872 1476 939 1514 ubi
971 1480 1180 1527 postquam
1211 1477 1257 1514 de
1286 1476 1438 1524 origine
1469 1474 1764 1513 metonomasiis

346 1543 564 1594 ceterisque
585 1545 703 1581 rebus
727 1543 970 1593 disputatum
997 1548 1065 1591 est,
1096 1544 1244 1592 iegitur
1276 1545 1329 1594 (p.
1356 1544 1447 1591 507,
1470 1543 1537 1593 16)
1570 1539 1648 1581 ἀπὸ
1675 1538 1769 1581 ταύ-

345 1625 414 1659 της
445 1610 590 1661 λέγεται
623 1612 813 1661 παροιμία
846 1607 885 1648 τό
919 1607 1309 1660 ἇναπαριάζειν,
1354 1607 1606 1661 ὦς”Εφορος
1637 1609 1678 1649 ἐν
1709 1610 1767 1648 δε-

345 1675 450 1732 κάτῳ
492 1673 524 1734 ιὁ
557 1676 597 1716 δὲ
629 1675 850 1727 Μιλτιάδης
881 1675 964 1716 κτλ.’
1029 1681 1177 1717 Eadem
1217 1680 1321 1718 enim
1360 1693 1423 1717 res
1463 1683 1670 1718 enarratur
1700 1693 1768 1717 ex-

346 1748 515 1797 planate,
549 1761 665 1798 quam
689 1748 866 1786 breuiter
892 1748 1059 1795 legimus
1085 1748 1126 1784 in
1151 1749 1243 1786 Zen.
1267 1749 1322 1794 H,
1347 1751 1394 1785 21
1429 1748 1488 1798 <M
1509 1748 1542 1795 I,
1565 1741 1630 1798 μ’),
1663 1747 1769 1798 quod

345 1829 458 1866 prov.
482 1817 564 1853 cod.
587 1817 617 1852 P
651 1816 754 1853 solus
786 1818 950 1865 praebet
980 1830 1056 1853 una
1083 1829 1170 1854 cum
1190 1816 1358 1864 Diogen.
1381 1817 1437 1863 H,
1462 1819 1526 1853 35.
1550 1838 1604 1843 —-
1628 1815 1767 1853 Sujdas

348 1898 375 1920 s.
398 1897 436 1921 v.
469 1883 655 1921 conuenit
695 1897 781 1920 cum
814 1884 895 1921 cod.
919 1885 960 1920 M
999 1883 1041 1920 in
1072 1885 1193 1921 uerbo
1225 1877 1563 1938 ‘dyokoynsss'vroe’‚
1607 1883 1768 1921 uidetur

346 1951 469 1999 igitur
500 1951 631 2002 aliquo
664 1952 778 1989 modo
810 1953 858 1989 ad
888 1965 1027 1989 uerum
1056 1952 1273 1990 Zenobium
1303 1952 1515 2002 pertinere.

460 2019 741 2067 Progredimur
771 2020 819 2056 ad
850 2020 1042 2069 Stephani
1072 2034 1109 2057 v.
1141 2014 1300 2069 Ἀραβία
1332 2021 1386 2069 (v.
1420 2021 1507 2058 adn.
1532 2020 1623 2067 60),
1656 2018 1766 2057 cuius

347 2082 388 2123 τό
422 2083 581 2124 ἕθνικὸν
612 2087 758 2124 dicitur
786 2082 967 2137 Ἀροῖβιος
1000 2082 1052 2131 ὥς
1084 2082 1109 2135 ἡ
1132 2088 1324 2137 παροιμία
1355 2083 1548 2143 ιἈράβιος
1572 2080 1768 2136 αὐλητής’,

345 2150 393 2202 ἣν
425 2153 578 2192 ἔταττον
611 2152 674 2192 ἐπὶ
706 2157 782 2191 τῶν
813 2150 1026 2199 ἀπαύστως
1057 2154 1354 2206 διαλεγομένων,
1387 2150 1414 2204 ἢ
1445 2150 1510 2192 διὰ
1541 2150 1584 2192 τό
1617 2151 1768 2204 μηδένα

344 2216 536 2271 Ἑλλήνων
575 2218 914 2260 διασκευάσασθαι
954 2219 1022 2271 την
1064 2218 1276 2272 αὐλητικὴν
1317 2217 1370 2268 ὥς
1408 2214 1530 2260 οὖσαν
1567 2218 1769 2273 βάναυσον

349 2287 414 2326 καὶ
446 2291 642 2334 παντελῶς
681 2286 938 2341 ἀνελεύθερον
978 2286 1071 2327 ἄλλα
1108 2286 1326 2341 βαρβάροις
1365 2287 1550 2340 αὐληταῖς
1586 2291 1768 2341 χρῆσθαι.

350 2353 410 2394 διὸ
443 2356 508 2394 καὶ
540 2352 561 2394 ὁ
590 2353 773 2407 Ἀράβιος
805 2355 987 2407 αὐλητής,
1022 2355 1066 2403 ὃς
1097 2358 1282 2414 ιδραχμῆς
1314 2356 1382 2408 μὲν
1410 2354 1536 2408 ηὔλει,
1578 2353 1769 2407 τεττάρων

349 2419 381 2461 δ’
413 2420 588 2463 ἐπαύετο’
618 2427 729 2476 (hinc
759 2428 941 2465 Eustath.
975 2428 1024 2465 ad
1053 2427 1170 2465 Dion.
1195 2427 1307 2477 939).
1340 2450 1394 2454 —
1425 2429 1466 2465 M
1488 2428 1522 2474 I,
1545 2421 1578 2464 δ’
1598 2445 1654 2459 =
1672 2427 1767 2465 Zen.

442 2539 497 2575 66)
522 2539 561 2567 cf.
586 2539 806 2569 Rindfleischii
839 2541 1115 2575 dissertationem,
1152 2540 1298 2578 quamuis
1332 2515 1595 2578 prouerbiorum⁸
1615 2539 1700 2568 inter
1733 2548 1767 2568 se

351 2594 548 2623 adfinitatem
581 2595 711 2625 minime
744 2597 945 2634 perspexerit
981 2600 1143 2634 testesque
1177 2597 1355 2635 indigestos
1389 2601 1572 2633 enumeret,
1605 2596 1695 2626 uelut
1727 2595 1768 2625 ad

353 2652 411 2689 frg.
442 2652 459 2681 2
487 2650 594 2689 Steph.
622 2652 699 2690 Byz.
728 2662 751 2681 s.
771 2663 802 2682 v.
823 2648 972 2695 ’Ἄβυδος
996 2658 1027 2683 et
1051 2653 1197 2683 Eustath.
1225 2654 1265 2683 ad
1290 2654 1426 2692 Dionys.
1453 2654 1533 2690 513,
1570 2653 1628 2682 etsi
1653 2653 1705 2682 hic
1729 2661 1768 2682 ex

352 2708 407 2737 illo
432 2707 547 2736 hausit.
