1951 3203
895 162 1176 205 -58-

323 263 563 316 interpolata
605 280 688 304 esse
734 267 873 317 quauis
918 267 985 305 uia
1028 267 1210 317 (fortasse
1253 283 1324 319 per
1364 269 1588 321 Bo'e'thum).
1659 272 1746 309 Iam

324 334 473 371 dixerit
504 333 699 384 quispiam
728 334 821 372 inde
854 336 959 386 quod
989 336 1117 374 adhuc
1148 350 1170 373 a
1191 337 1403 375 scholiasta
1423 339 1524 376 Plat.
1547 338 1746 376 Lucillum

325 401 544 439 adhibitum
587 401 833 449 inuenimus‚
877 404 1059 441 concludi
1099 418 1234 454 posse,
1274 406 1381 443 hunc
1423 420 1506 444 esse
1547 409 1746 444 auctorem

324 469 442 507 etiam
474 473 693 508 ceterorum
723 484 864 521 provv.
916 472 991 509 Sed
1022 472 1157 509 eadem
1187 473 1234 510 de
1267 487 1382 511 causa
1410 488 1460 512 ne
1488 476 1565 513 hoc
1585 474 1745 526 quidem

321 537 530 575 diiudicari
560 542 710 588 potest,
751 538 829 576 nisi
858 540 961 577 forte
993 544 1213 578 ceterorum
1243 541 1392 580 ambitu
1423 543 1549 580 multo
1578 542 1743 588 minore,

324 619 438 656 quam
481 605 537 643 eis
581 610 640 643 est
681 620 847 657 quorum
889 612 1088 646 auctorem
1129 609 1328 647 Lucillum
1368 611 1596 657 statuimus,
1639 612 1745 648 huno

324 674 490 711 eundem
520 678 719 712 auctorem
750 676 875 713 arceri
907 677 1107 714 concedes,

435 742 494 780 De
524 756 602 780 uno
633 757 745 793 prov.
778 744 943 782 dubium
972 744 1071 781 mihi
1102 745 1303 792 remansit,
1338 746 1407 784 ubi
1436 747 1512 784 duo
1543 747 1746 796 postulan-

322 812 387 847 tur
418 813 608 857 auctores,
641 811 733 862 quia
758 812 856 850 duae
887 813 1072 850 feruntur
1100 813 1141 849 in
1166 813 1326 851 scholiis
1355 814 1399 851 in
1419 815 1646 865 Euthyphr.
1677 828 1744 852 ex-

322 878 556 929 plicationes
588 893 698 929 prov.
731 875 822 935 6Ἀφ’
858 874 995 924 ἕστίας’
1026 882 1079 931 (p.
1107 882 1327 931 326)113).
1387 882 1613 933 Explicatio
1646 895 1745 933 quae

322 950 411 997 post
429 941 577 992 ’Ἄλλως
608 949 808 998 profertur
838 948 1040 1004 ιπαροιμία
1073 946 1115 986 δέ
1147 947 1258 996 ἐστιν,
1290 945 1560 998 μετενήνεκται
1591 946 1631 986 δὲ
1664 945 1742 987 ἀπὸ

322 1015 398 1051 τῶν
440 1012 524 1064 περὶ
568 1011 613 1052 τα
655 1011 738 1065 ἱεροὶ
771 1015 1000 1066 δρωμένων·
1042 1012 1068 1066 ἢ
1097 1014 1165 1065 ἀφ’
1202 1015 1326 1063 ἑστίας
1357 1013 1439 1066 ἤτοι
1472 1014 1551 1055 &nd
1583 1019 1660 1055 τῶν
1690 1016 1744 1056 οἷ-

321 1078 547 1121 κειοτάτων·
594 1082 697 1121 ἕστία
740 1080 811 1134 γάρ
857 1080 881 1132 ἡ
924 1080 1039 1122 οἰκία’
1085 1086 1230 1124 eisdem
1274 1087 1407 1125 uerbis
1450 1086 1662 1125 adhibetur
1702 1086 1746 1124 in

320 1153 411 1189 Zen.
435 1153 466 1199 1,
490 1156 540 1189 40
574 1153 692 1202 (unde
716 1154 971 1204 Hesychius).
1023 1155 1235 1192 Possumus
1267 1156 1314 1192 de
1342 1155 1462 1192 huius
1486 1169 1597 1205 prov.
1619 1155 1745 1193 histo-

320 1220 381 1257 ria
419 1221 521 1258 hanc
564 1222 827 1272 suspicionem
868 1236 1048 1260 mouere:
1092 1237 1214 1272 ponas
1245 1224 1460 1270 Boethum,
1503 1223 1571 1274 qui
1611 1223 1744 1274 aliquo

321 1289 434 1326 modo
467 1294 533 1326 aut
555 1290 752 1327 Lucillum
785 1293 852 1327 aut
871 1290 1088 1340 Didymum
1119 1291 1245 1328 adisse
1275 1292 1473 1340 putandus
1496 1290 1558 1337 sit,
1590 1304 1634 1328 ac
1654 1304 1744 1341 pro-

320 1356 567 1395 babilitatem
602 1358 817 1408 suspicioni
849 1360 1001 1396 adferet
1031 1363 1070 1397 et
1102 1360 1221 1397 schol.
1250 1359 1455 1409 Aristoph.
1487 1359 1622 1409 (Vesp.
1647 1358 1744 1408 846)

321 1428 360 1462 et
390 1426 608 1464 Pausaniae
639 1426 686 1476 (r)
727 1429 848 1465 uerba
891 1441 989 1478 quae
1031 1428 1219 1475 leguntur
1257 1427 1300 1464 in
1329 1426 1531 1464 Eustathii
1561 1441 1599 1477 p.
1625 1426 1744 1472 1579,

322 1497 385 1540 45,
417 1491 480 1530 καὶ
515 1492 623 1542 ἑτέρα
654 1494 843 1543 παροιμία
876 1491 917 1532 τό
950 1491 1026 1551 ‘dep’
1055 1493 1180 1539 ἑστίας
1203 1490 1423 1544 ἀρχόμενοί
1453 1490 1576 1545 ἤγουν
1599 1492 1640 1531 ἐκ
1665 1495 1744 1531 τῶν

320 1557 548 1609 κρειττόνων
578 1557 605 1612 ἢ
635 1560 714 1600 καὶ
747 1561 796 1600 ἐκ
827 1564 919 1599 τῶν
951 1561 1166 1600 οἰκείων.
1226 1564 1406 1612 μετῆκται
1438 1561 1502 1607 δέ,
1534 1560 1680 1610 φασὶ,
1721 1556 1744 1599 o‘

319 1624 431 1679 λόγος
463 1627 522 1667 ἐπὶ
557 1632 634 1668 τῶν
664 1632 706 1681 (1.
740 1626 819 1668 ἀπό
852 1633 917 1669 uel
947 1629 1003 1681 ἐκ)
1037 1629 1173 1682 ἱερῶν·
1207 1629 1303 1675 ἔθος
1334 1627 1406 1682 γαρ
1427 1624 1557 1683 Ἑστίᾳ
1585 1632 1744 1679 πρῶτον

321 1693 578 1748 ἀπάρχεσθαι.
652 1700 800 1737 Prioris
844 1704 973 1737 autem
1018 1699 1296 1750 explicationis
1345 1703 1487 1737 testem
1530 1698 1742 1749 suspiceris

319 1767 487 1804 alterum
518 1767 760 1805 Scholiastae
802 1768 843 1805 in
885 1782 1025 1817 provv.
1065 1767 1310 1818 explicandis
1349 1771 1571 1814 auctorem,
1610 1766 1742 1817 ipsum

320 1834 528 1873 Lucillum.

431 1903 571 1941 Cetera
601 1904 813 1954 prouerbia
843 1918 921 1942 non
951 1905 1063 1942 lubet
1094 1918 1217 1955 aeque
1249 1918 1292 1942 ac
1324 1918 1442 1954 supra
1473 1903 1628 1951 singula
1649 1916 1741 1941 eno-

319 1975 403 2008 tare
435 1975 475 2009 et
504 1986 748 2023 comparare,
790 1974 857 2010 sed
888 1986 1081 2023 apponam
1113 1972 1346 2011 scholiastae
1377 1985 1519 2022 provv.
1551 1974 1592 2009 et
1618 1971 1742 2008 Zeno-

320 2038 479 2077 bianum
508 2040 836 2091 interpolatorem
863 2040 976 2078 iuxta
996 2040 1137 2091 positis
1160 2041 1327 2079 aliorum
1349 2054 1502 2092 quoque
1523 2038 1741 2090 paroemio-

320 2109 560 2157 graphorum
601 2109 717 2156 locis,
758 2110 862 2146 unde
894 2109 1166 2158 appariturum
1208 2122 1320 2158 spero
1352 2122 1431 2146 non
1460 2106 1742 2158 probabilitate

319 2176 420 2212 hanc
450 2176 498 2213 de
518 2177 668 2215 Boetho
701 2177 862 2214 alterius
894 2176 1050 2224 generis
1073 2176 1312 2214 scholiorum
1334 2179 1493 2214 auctore
1515 2174 1742 2225 opinionem

321 2255 464 2282 carere.

434 2313 592 2351 Schol.
625 2315 748 2351 Plat.
787 2313 827 2350 in
860 2313 1084 2350 Phaedrum
1115 2327 1152 2362 p.
1177 2315 1255 2349 319
1288 2306 1504 2367 ‘A6a5v1609
1534 2305 1664 2359 κῆποι’
1684 2328 1742 2343 =

322 2380 352 2415 Β
378 2382 426 2416 18
459 2381 523 2430 (ad
554 2382 668 2430 Diog.
691 2383 723 2428 Ι,
759 2381 856 2430 14)1
872 2381 936 2429 14)
957 2398 1013 2412 =
1034 2380 1171 2418 Suidas
1193 2381 1237 2417 H
1266 2380 1450 2430 (Photius
1462 2379 1505 2429 ‘).

408 2446 518 2497 [Zen.
540 2450 572 2495 Ι,
606 2454 656 2486 49
679 2468 734 2481 =
754 2452 795 2487 M
818 2452 872 2497 H,
922 2444 969 2491 bf.
1031 2449 1137 2486 Suid.
1160 2450 1192 2485 I.
1225 2448 1449 2498 Hesychius
1482 2449 1650 2486 alterum
1681 2461 1740 2486 se-

408 2525 582 2566 quuntur
612 2520 773 2564 fontem,
806 2520 851 2556 cl.
883 2517 1093 2556 Eustathio
1129 2517 1246 2562 1701,
1280 2515 1366 2567 45]

416 2631 492 2667 113)
524 2629 703 2660 Scholiasta
728 2632 891 2669 Aris-toph.
919 2631 959 2659 ad
984 2630 1082 2669 Vesp.
1111 2631 1174 2660 846
1212 2633 1381 2668 utramque
1413 2629 1566 2668 praebet,
1603 2629 1738 2658 alteram

322 2686 391 2715 cod.
410 2686 438 2715 R
463 2687 597 2716 alteram
621 2688 688 2716 cod.
709 2688 747 2722 V,
773 2692 940 2725 utramque
966 2688 1144 2725 pleniorem
1170 2696 1264 2724 quam
1290 2686 1388 2716 schol.
1413 2686 1540 2715 Platon.

416 2745 492 2779 114)
518 2748 571 2773 aut
596 2745 662 2773 cod.
682 2745 708 2772 B
735 2748 765 2773 ct
790 2745 884 2783 Diog.
911 2744 950 2773 ab
976 2745 1152 2782 archetypo
1177 2743 1319 2781 pendent
1343 2752 1379 2772 ac
1397 2743 1422 2771 P
1447 2743 1530 2772 forte
1555 2743 1615 2772 hoc
1639 2752 1732 2780 prov.

323 2801 447 2837 omisit,
483 2810 582 2838 quare
609 2801 641 2829 tit
666 2804 701 2830 ut
724 2801 845 2837 Zen.1,
866 2803 908 2832 49
935 2801 1094 2830 Lucillum
1129 2800 1314 2838 audiamus,
1350 2799 1446 2838 Diog.
1466 2799 1490 2835 I,
1512 2800 1551 2828 14
1577 2798 1738 2829 Boethum
