1951 3203
277 280 370 329 pulo
403 282 584 329 superato
616 280 746 329 pergit
776 280 955 330 ⁶Videtur
974 281 1170 318 Zenobius
1188 281 1310 319 fuisse
1330 281 1489 330 primus,
1523 280 1590 332 qui
1612 293 1700 330 pro-

276 349 413 386 uerbia
444 362 494 386 ex
526 348 662 386 ordine
693 348 910 386 litterarum
944 348 1180 397 disponeret,
1212 349 1404 400 siquidem
1437 350 1483 386 ad
1516 348 1701 386 amussim

277 415 471 464 exigenda
501 419 561 453 est
585 415 794 464 inscriptio
825 415 927 463 libri,
960 429 1060 467 quae
1081 417 1177 455 haec
1199 421 1276 455 est:
1311 415 1509 465 Ζηνοβίου
1532 410 1699 464 ἐπιτομὴ

277 481 334 532 (ἔκ
367 484 470 534 Par.)
513 483 589 520 τῶν
638 481 835 532 Ταρῤαίου
877 482 943 520 καὶ
985 479 1170 532 Διδύμου
1213 486 1443 521 συντεθεῖσα
1484 483 1562 535 (Ρ.)
1601 479 1700 521 κατὰ

275 545 487 599 στοιχεῖον.’
547 550 644 592 Quis
684 556 742 590 est
782 552 877 603 quin
918 552 1116 601 extemplo
1155 552 1417 601 suspicionem
1452 552 1559 590 illam
1599 553 1700 590 adri-

275 620 376 669 piat,
421 632 536 671 quam
579 624 684 657 recte
727 620 892 669 protulit
930 620 1109 658 Millerus
1150 620 1191 657 in
1231 620 1323 658 libri
1361 621 1516 670 saepius
1552 620 1700 658 laudati

274 700 359 736 pag.
386 690 485 725 342:
515 687 578 734 „Si
613 701 761 725 comme
793 688 876 725 cela
905 688 1032 737 parait
1062 688 1221 735 certain,
1252 687 1316 737 j'ai
1343 688 1527 727 retrouve
1553 688 1591 725 la
1622 688 1699 726 col-

273 755 417 794 lection
450 756 639 804 originale
671 757 716 793 de
747 769 790 794 ce
821 756 1155 806 pare'miographe‚
1189 756 1286 794 celle
1317 757 1382 808 qui
1408 769 1430 794 a
1451 755 1511 795 ete
1542 754 1700 805 publiee

275 837 364 860 sous
386 837 454 861 son
477 837 579 871 nom,
611 822 711 862 n’est
743 837 811 874 pas
844 825 888 861 de
920 824 986 871 lui,
1016 826 1054 873 je
1086 837 1191 862 veux
1223 825 1304 861 dire
1336 837 1412 876 que
1442 824 1479 861 la
1509 820 1700 873 premiere

276 903 298 927 a
328 892 430 929 servi
462 892 508 929 de
540 893 632 929 base
664 891 685 929 a
716 893 754 929 la
784 893 950 930 seconde
983 894 1049 944 qui
1083 896 1142 930 est
1172 892 1304 941 pleine
1335 892 1536 938 d'erreurs,
1569 889 1698 929 d'ana-

274 959 513 997 chronismes
551 964 590 998 et
631 960 989 1010 d‘interpolations‚
1033 973 1182 998 comme
1222 958 1272 997 l'a
1307 960 1386 997 fort
1420 959 1511 997 bien
1550 959 1699 1008 prouve

275 1029 326 1065 M.
355 1028 747 1079 Schneidewin‘21).“
806 1029 986 1067 Profecto
1019 1029 1049 1066 si
1071 1028 1265 1066 Zenobius
1299 1027 1510 1077 prouerbia
1539 1040 1609 1076 per
1640 1040 1699 1064 sa-

274 1099 399 1133 turam
432 1096 587 1143 effudit,
630 1101 672 1135 ut
702 1097 743 1133 in
776 1097 906 1134 codice
938 1096 1161 1134 Milleriano
1193 1099 1390 1145 prostant,
1425 1095 1699 1144 superuenisse

273 1163 338 1215 qui
372 1176 441 1212 per
463 1164 742 1202 elementorum
778 1164 916 1202 seriem
940 1177 985 1202 ea
1007 1165 1242 1213 disponeret,
1275 1164 1389 1201 facile
1413 1162 1698 1211 intellegimus;

273 1232 508 1269 contrarium
541 1233 735 1284 quomodo
769 1233 931 1281 cogitari
963 1233 1087 1282 possit
1117 1234 1187 1270 uix
1216 1232 1415 1280 intellego.

387 1302 439 1338 At
468 1300 603 1338 insunt
635 1301 675 1337 in
700 1301 781 1338 cod.
805 1302 846 1337 M
872 1304 1057 1352 quattuor
1088 1300 1353 1338 conlectiones
1382 1300 1699 1349 prouerbiorum!

273 1368 376 1405 unde
407 1369 584 1420 sequitur
615 1368 772 1406 titulum
804 1382 882 1406 non
908 1372 1083 1417 spectare
1114 1372 1180 1406 aut
1210 1369 1256 1406 ad
1286 1368 1404 1406 solam
1437 1367 1601 1417 primam
1633 1371 1700 1406 aut

273 1437 320 1474 ad
353 1449 486 1474 omnes
517 1436 728 1488 quattuor?
789 1437 897 1475 Haec
928 1437 959 1474 si
992 1437 1078 1488 quis
1110 1436 1313 1483 obiecerit,
1356 1435 1540 1474 facillime
1570 1439 1701 1485 potest

271 1504 445 1543 refutari.
508 1503 604 1546 Quis
646 1506 749 1543 enim
789 1512 866 1552 est,
911 1518 1025 1557 quem
1058 1509 1197 1543 natura
1233 1506 1371 1542 harum
1413 1505 1582 1554 partium
1614 1508 1696 1543 toto

272 1572 376 1610 caelo
410 1573 563 1611 diuersa
592 1574 728 1622 fugiat.
789 1574 968 1611 Millerus
1001 1573 1046 1611 de
1078 1574 1150 1611 1130
1180 1586 1238 1619 re,
1271 1576 1314 1611 ut
1345 1572 1570 1620 manifesta,
1599 1573 1699 1610 nihil

273 1641 498 1689 disputauit,
531 1642 596 1679 sed
620 1655 761 1691 operae
791 1642 959 1692 pretium
993 1646 1051 1680 est
1082 1641 1332 1690 grauissimas
1363 1641 1479 1678 huius
1501 1640 1699 1690 opinionis

274 1721 408 1747 causas
438 1722 670 1759 proponere.

385 1779 443 1815 Ac
472 1778 638 1827 primum
673 1779 827 1829 quidem
862 1779 1022 1827 adparet
1053 1782 1250 1815 auctorem
1283 1779 1443 1828 quartae
1474 1775 1587 1813 seriei
1619 1778 1698 1813 stu-

274 1845 403 1883 duisse
434 1845 652 1884 litterarum
684 1846 894 1884 initialium
919 1846 1062 1892 ordini;
1095 1858 1223 1897 neque
1253 1857 1347 1882 uero
1378 1845 1450 1882 hac
1479 1844 1521 1881 in
1551 1856 1594 1880 re
1624 1843 1699 1880 sibi

273 1913 449 1951 constitit
481 1914 543 1963 (cf.
577 1914 674 1951 Mill.
706 1928 741 1964 p.
768 1916 883 1966 381),
917 1918 955 1952 et
986 1915 1120 1952 dubito
1152 1927 1245 1950 num
1275 1912 1317 1949 in
1347 1913 1421 1950 hoc
1451 1912 1578 1950 studio
1610 1925 1698 1961 pro-

273 1981 408 2018 uerbia
444 1981 666 2030 conligendi
706 1988 824 2034 atque
865 1983 1076 2020 secundum
1117 1981 1392 2030 explicationis
1423 1980 1616 2032 quandam
1649 1980 1699 2017 si-

271 2049 530 2087 militudinem
563 2050 777 2088 collocandi
816 2063 1066 2100 perseuerare
1105 2049 1295 2093 uoluerit,
1340 2048 1524 2099 quoniam
1555 2047 1647 2085 inde
1677 2060 1700 2084 a

272 2130 420 2154 summa
446 2130 533 2167 pag.
553 2121 632 2155 382
656 2118 752 2155 Mill.
781 2118 973 2156 conlectio
1013 2117 1131 2154 lexici
1169 2116 1293 2165 magis
1333 2116 1555 2153 institutum
1587 2116 1699 2152 redo-

272 2184 326 2222 let
357 2185 602 2237 scriptorque
642 2198 661 2222 e
692 2186 811 2223 uariis
849 2185 1046 2232 fontibus,
1094 2184 1325 2234 plerumque
1357 2196 1377 2221 e
1407 2182 1527 2220 Suida
1557 2183 1698 2221 seriem

364 2344 419 2385 21)
446 2345 508 2383 Qui
532 2346 564 2374 in
590 2348 778 2375 transcursu
803 2348 927 2374 tantum
955 2353 1027 2382 pag.
1048 2343 1142 2372 XXV
1167 2343 1250 2372 hanc
1275 2353 1344 2373 rem
1368 2343 1527 2372 tractauit.
1552 2359 1596 2365 —
1633 2341 1698 2372 Cur

272 2400 304 2429 111
329 2401 406 2430 Zen.
428 2402 485 2439 IV,
506 2403 545 2431 32
572 2411 644 2431 cum
669 2401 848 2431 Niebuhrio
867 2401 1082 2430 Menandrum
1107 2400 1339 2436 Protectorem,
1365 2399 1534 2429 Iustiniani
1560 2402 1591 2428 et
1607 2399 1697 2428 Mau-

272 2457 342 2486 ricii
366 2457 602 2496 Imperatorum
628 2459 816 2496 aequalem,
842 2457 988 2495 intellegi
1013 2457 1091 2486 uelit
1116 2457 1242 2493 nescio,
1277 2466 1349 2485 cum
1373 2456 1457 2485 idem
1482 2465 1599 2485 nomen
1624 2464 1697 2493 pro-

272 2516 335 2543 stet
365 2515 450 2552 apud
475 2515 625 2544 Photium
660 2525 684 2544 s.
704 2526 734 2544 v.
763 2513 896 2554 Θρᾶκες
922 2508 1019 2553 ὅρκια
1053 2507 1115 2544 ou’x
1150 2509 1341 2543 ἐπίστανται
1375 2522 1434 2542 1100
1465 2512 1600 2541 Photius
1631 2515 1697 2541 tam

273 2574 418 2600 recentes
443 2571 591 2601 homines
617 2572 800 2602 adhibuerit
825 2580 928 2608 neque
955 2569 1177 2600 Zenobianum
1208 2569 1326 2598 librum
1352 2570 1496 2606 nouerit,
1533 2569 1590 2598 sed
1613 2568 1696 2597 Pau-

272 2627 383 2657 saniae
407 2628 474 2657 sere
499 2628 682 2666 prouerbia.
724 2629 874 2658 Schottus
899 2628 945 2668 (in
970 2627 1043 2656 adn.
1070 2627 1112 2656 ad
1137 2625 1276 2667 Zenob.)
1310 2626 1348 2655 de
1373 2625 1550 2655 Menandro
1575 2625 1696 2654 comico

273 2685 436 2723 cogitauit,
454 2685 726 2715 WVilamowitzius
746 2685 925 2715 adsentitur
943 2685 978 2715 C.
996 2684 1154 2713 Muellero
1173 2682 1279 2721 (FGH
1296 2683 1352 2719 IV,
1373 2680 1451 2722 938)
1477 2682 1531 2719 qui
1549 2684 1695 2711 nostrum

274 2742 380 2771 locum
404 2741 487 2771 inter
512 2742 682 2771 Menandri
705 2741 839 2781 Ephesii
865 2742 1046 2781 fragmenta
1071 2740 1201 2779 recepit.
