1951 3203
863 203 1146 245 ...12-

301 311 402 347 sunt.
463 309 511 345 In
543 321 779 359 unaquaque
815 308 934 345 trium
966 307 1260 354 collectionum,
1304 320 1402 359 quae
1433 308 1514 345 fere
1544 309 1650 345 totae
1679 307 1720 345 in

295 381 429 415 nostro
453 377 623 425 Corpore
643 375 869 413 Zenobiano
903 376 1048 413 eisdem
1080 375 1392 414 enarrationibus
1421 376 1635 414 instructae
1662 376 1720 412 in-

293 444 526 490 ueniuntur,
569 443 761 481 maximus
793 447 851 481 est
882 456 1067 481 numerus
1099 456 1233 481 eorum
1262 444 1579 493 prouerbiorum‚
1622 455 1721 495 quae

295 512 415 550 multo
447 512 593 549 maiore
624 512 812 560 adparatu
834 515 873 549 et
894 511 1101 548 uerborum
1124 514 1163 549 et
1184 511 1342 549 testium
1365 514 1565 558 exornata,
1598 524 1720 562 quan-

294 584 356 618 tus
380 584 439 618 est
458 579 631 617 Zenobio
654 579 1033 626 Schneidewiniano,
1066 579 1106 616 in
1139 579 1318 616 omnibus
1349 579 1527 628 partibus
1557 579 1721 628 perinde

294 652 494 698 praestant
525 648 647 685 nostri
670 647 832 684 Zenobii
864 646 1096 696 prouerbiis.
1156 647 1246 684 Non
1269 660 1365 696 opus
1386 652 1481 696 puto
1505 648 1608 699 quod
1631 659 1721 684 con-

294 716 402 754 tendi
435 715 626 764 exemplis
657 716 840 764 probare:
883 715 1088 764 perspicue
1122 715 1299 752 Millerus
1330 716 1369 752 id
1400 718 1572 762 tantum,
1617 715 1720 766 quod

294 784 387 822 noui
429 785 553 821 codex
584 784 736 821 At-hous
777 784 927 821 detexit
969 783 1349 835 prouerbiorumque
1392 783 1722 833 explicationibus

294 852 454 898 adiecit,
498 852 707 900 exscripsit
743 851 927 902 typisque
966 851 1178 900 expressit,
1224 864 1343 903 quare
1383 852 1510 890 facilis
1548 851 1593 890 fit
1632 864 1723 889 con-

295 924 451 970 spectus
483 920 654 957 omnium
687 920 867 968 partium.

407 988 536 1026 Unum
571 989 697 1025 adhuc
734 988 909 1036 proferre
949 988 1094 1036 poterit
1133 988 1199 1039 qui
1241 987 1497 1037 pertinaciter
1529 987 1623 1025 mihi
1656 989 1723 1025 ob-

295 1056 432 1096 sistere
463 1055 549 1094 vult
579 1068 650 1094 nec
682 1069 825 1094 novum
858 1057 1052 1107 quendam
1083 1056 1299 1094 Zenobium
1329 1056 1622 1104 agnoscendum
1654 1068 1723 1093 ex-

294 1124 453 1162 istimat.
514 1123 724 1172 Optionem
757 1136 838 1161 esse
871 1124 1000 1161 datam
1032 1123 1178 1162 dixerit
1210 1124 1402 1175 quispiam
1435 1124 1538 1162 inter
1559 1123 1723 1161 Zenobii

296 1197 335 1230 et
356 1192 557 1230 Plutarchi
580 1192 749 1239 nomina,
783 1205 945 1243 quorum
980 1192 1143 1230 alterum
1167 1192 1329 1230 exhibet
1350 1193 1391 1228 M
1413 1192 1576 1229 alterum
1599 1191 1658 1229 L2
1672 1192 1722 1240 2).

296 1260 370 1297 Sed
409 1264 564 1309 praeter
605 1273 648 1297 ea
680 1273 778 1312 quae
819 1261 1019 1310 praefatur
1048 1260 1370 1299 Schneidewinus
1402 1274 1437 1310 p.
1459 1260 1641 1308 XXXV,
1684 1260 1724 1298 id

299 1329 622 1366 considerandum
656 1342 845 1378 propono,
879 1329 1049 1366 codicem
1080 1329 1137 1365 illi
1161 1330 1191 1366 L
1225 1329 1444 1377 gemellum,
1477 1341 1593 1380 quem
1615 1341 1725 1366 usur-

295 1402 428 1447 patum
461 1409 544 1434 esse
575 1410 596 1434 a
627 1397 665 1432 Σ
693 1397 851 1434 librario
885 1409 1002 1445 supra
1033 1396 1222 1444 uidimus,
1268 1410 1412 1434 nomen
1443 1396 1613 1434 auctoris
1643 1409 1724 1433 non

296 1465 494 1502 inuenisse
517 1465 641 1502 uideri
665 1465 983 1514 suprascriptum,
1017 1464 1109 1515 quia
1140 1465 1307 1514 scriptor
1338 1465 1419 1502 cod.
1445 1465 1483 1500 Σ
1510 1464 1609 1502 fidus
1635 1478 1724 1514 pro-

296 1534 447 1584 busque
489 1534 528 1570 id
567 1547 646 1570 non
686 1537 974 1571 commemorat.
1037 1533 1167 1574 Quare
1199 1546 1243 1571 eo
1275 1533 1528 1571 uerisimilius
1558 1533 1603 1572 fit
1633 1546 1723 1582 sup-

295 1601 517 1651 positicium
549 1614 632 1638 esse
663 1613 805 1638 nomen
835 1600 1035 1639 Plutarchi
1068 1601 1108 1637 in
1140 1602 1221 1639 cod.
1246 1601 1289 1639 L.

410 1668 473 1707 Sic
504 1669 682 1706 omnibus
723 1668 1020 1707 difficultatibus
1061 1669 1217 1707 reiectis
1255 1681 1392 1707 reuera
1430 1669 1561 1718 adepti
1592 1683 1723 1707 sumus

298 1737 460 1786 genuini
489 1738 651 1776 Zenobii
691 1741 769 1775 tres
809 1737 952 1784 libros,
996 1751 1072 1788 quo
1114 1750 1275 1775 numero
1307 1737 1448 1775 Suidae
1488 1738 1609 1775 uerba
1640 1740 1724 1774 rata

298 1804 409 1843 fiunt.
469 1805 635 1844 Tantum
666 1818 759 1842 uero
793 1805 903 1843 abest
934 1809 977 1843 ut
1007 1818 1111 1843 nunc
1133 1811 1282 1843 ceteros
1306 1805 1457 1844 codices
1478 1805 1723 1843 Zenobianos

298 1886 369 1922 pro
409 1873 533 1911 nihilo
576 1875 779 1920 ducamus,
821 1877 864 1911 ut
895 1874 968 1911 hoc
999 1874 1210 1922 praecipue
1247 1878 1422 1912 nostrum
1460 1874 1510 1911 sit
1548 1874 1723 1911 futurum

300 1941 526 1989 dignoscere
558 1943 667 1980 cuius
699 1941 777 1980 sint
807 1941 924 1991 pretii
949 1941 1093 1990 singuli
1117 1941 1269 1980 codices
1291 1941 1330 1979 in
1355 1943 1524 1991 Corpore
1546 1941 1723 1979 Paroem.

297 2009 457 2048 laudati.

670 2121 724 2162 II.
785 2121 848 2162 De
879 2121 1134 2173 interpolato
1164 2119 1355 2161 Zenobio

414 2215 575 2252 Constat
603 2214 707 2251 inter
731 2226 802 2252 nos
823 2212 1085 2250 Zenobianam
1117 2212 1315 2261 epitomen
1347 2211 1556 2263 aliquando
1588 2225 1725 2250 secun-

301 2284 390 2320 dum
422 2283 702 2319 elementorum
735 2281 909 2318 ordinem
942 2293 1025 2318 esse
1057 2280 1303 2329 dispositam,
1342 2292 1415 2318 nec
1444 2280 1540 2318 latet
1571 2292 1648 2331 qua
1677 2280 1724 2317 de

301 2363 414 2388 causa
443 2351 517 2387 hoc
545 2350 690 2387 factum
723 2362 804 2386 esse
836 2348 981 2397 possit:
1011 2347 1165 2386 facilior
1196 2348 1513 2398 commodiorque
1545 2351 1605 2386 est
1634 2347 1724 2386 talis

300 2419 596 2468 prouerbiorum
640 2417 861 2464 recognitio
910 2416 1030 2454 oculis
1077 2416 1366 2466 quaerentibus.
1438 2415 1566 2457 Quare
1611 2415 1724 2453 ualde

302 2486 569 2524 commendata
607 2488 666 2523 est
696 2498 798 2522 noua
828 2485 923 2522 haec
956 2483 1158 2533 dispositio
1199 2484 1245 2520 ad
1277 2486 1527 2534 nostramque
1559 2486 1725 2522 aetatem

301 2554 506 2604 permultis
536 2553 646 2591 libris
678 2566 795 2590 manu
826 2552 980 2601 scriptis
1011 2551 1236 2600 permansit.
1298 2554 1351 2590 At
1373 2556 1417 2590 ut
1438 2552 1538 2590 solet
1558 2551 1598 2588 in
1623 2551 1723 2588 libro

303 2622 417 2659 nouis
449 2621 550 2659 curis
572 2621 688 2667 edito,
722 2620 905 2658 librarius
936 2633 1016 2657 non
1047 2620 1174 2656 facere
1206 2623 1347 2668 potest,
1381 2619 1477 2670 quin
1498 2618 1628 2667 copias
1649 2623 1726 2656 tra-

397 2713 451 2749 22)
476 2721 539 2740 non
565 2713 688 2739 tantum
713 2711 745 2739 in
771 2710 844 2739 coll.
870 2710 939 2747 ΙΙΙ,
977 2709 1032 2739 sed
1058 2709 1153 2739 etiam
1179 2709 1211 2738 in
1236 2709 1367 2746 ceteris,
1394 2709 1421 2738 si
1445 2706 1625 2738 recordaris
1649 2708 1726 2746 quid

304 2769 342 2798 de
368 2768 530 2799 Desiderii
554 2768 681 2798 Erasmi
706 2768 813 2797 codice
840 2767 1072 2808 disputauerim
1096 2767 1128 2797 in
1154 2767 1229 2797 adn.
1252 2768 1302 2796 ll.
