1951 3203
907 147 1186 190 -43-

337 250 403 302 qui
425 264 511 289 cum
538 250 657 288 schol.
680 250 780 289 Plat.
803 263 1047 289 communem
1079 252 1222 291 habeat
1252 253 1554 303 explicationem
1586 253 1648 294 ἐπὶ
1676 235 1758 294 Ἰτῶν

338 317 377 356 ἐν
409 315 621 368 ἀλλοτρίοις
651 314 976 357 κινδυνευόντων.
1008 342 1062 347 -
1104 320 1330 371 Hesychius
1368 326 1412 361 ut
1443 323 1542 362 solet
1582 328 1759 363 nostrum

335 388 479 425 Zenob.
511 387 593 424 cod.
616 387 647 423 P
679 387 874 436 compilat.

448 455 578 504 Ipsius
609 455 752 492 codicis
782 456 813 492 P
843 455 1104 494 temeritatem
1137 457 1466 506 deprehendimus
1496 460 1537 497 in
1567 460 1658 499 Zen.
1680 461 1757 509 ΙΙΙ,

339 528 410 571 65,
450 523 517 561 ubi
556 523 630 561 iste
661 523 766 561 solus
795 523 887 561 inde
918 537 940 561 a
968 526 1091 562 uerbo
1132 518 1185 569 ὥς
1216 523 1252 562 εἴ
1277 540 1334 570 τις
1363 523 1584 574 μανθάνων
1614 542 1645 567 e.
1669 543 1706 580 q.
1729 544 1757 569 S.

338 591 468 630 omnia
498 591 675 638 exhibet,
720 604 818 642 quae
850 591 922 630 etsi
955 592 1184 630 Dicaearchi
1216 605 1247 631 e.
1270 607 1305 642 g.
1337 595 1604 634 testimonium
1636 598 1758 636 conti-

337 664 443 706 nent,
475 662 604 697 tamen
627 659 804 696 dubitare
827 660 1023 706 debemus,
1056 673 1149 697 num
1171 673 1191 698 e
1213 662 1383 709 genuino
1403 663 1575 701 Zenobio
1606 666 1760 714 prodie-

337 729 428 775 rint,
461 727 553 779 quia
582 727 623 764 in
653 740 762 776 prov.
787 727 890 765 Plut.
912 728 966 774 H,
994 731 1041 765 12
1076 729 1162 777 (etsi
1196 734 1437 769 contractum
1467 732 1625 770 uidetur
1653 747 1760 771 more

338 797 452 836 solito
484 809 503 834 e
534 795 634 833 Mill.
655 796 730 842 ΙΙΙ,
753 790 851 845 φιβ’)
892 796 987 833 haec
1027 797 1109 834 sola
1146 798 1266 835 uerba
1296 799 1507 837 audiuntur
1544 794 1619 855 ςἘν
1649 801 1760 838 πίθω

338 861 408 914 τήν
432 863 638 914 κεραμείαν
665 857 916 911 μανθάνειν’;
949 861 1013 900 ἐπὶ
1044 864 1121 901 τῶν
1153 862 1371 914 παριέντων
1401 861 1471 910 τοὶς
1502 863 1660 917 πρώτας
1690 842 1760 917 μοῖ-

339 930 478 983 θήσεις
509 930 572 969 καὶ
607 925 840 979 οἷπτομένωυ
872 932 946 969 τῶν
978 932 1298 983 τελευταίων89).
1358 935 1441 972 Nec
1470 935 1585 984 plura
1613 937 1763 985 recepit

339 1004 453 1051 Diog.
475 1002 544 1048 IV,
567 1004 631 1048 44,
665 1001 754 1037 dum
787 1000 867 1037 cod.
892 1001 927 1037 K
959 1000 998 1050 (i.
1022 1013 1053 1038 e.
1080 1001 1195 1050 Greg.
1218 1003 1325 1051 Cyp.,
1359 1003 1463 1053 quod
1494 1016 1612 1052 supra
1642 1004 1761 1041 adno-

340 1072 436 1121 taui)
470 1069 574 1122 quod
605 1073 759 1118 praeter
788 1068 883 1106 haec
914 1069 1033 1107 habet
1062 1070 1227 1108 fortasse
1259 1083 1278 1107 e
1311 1071 1392 1108 cod.
1415 1071 1445 1107 P
1478 1070 1563 1120 ipso
1595 1071 1762 1121 sumpsit

341 1141 404 1191 (cf.
437 1152 468 1176 e.
492 1152 526 1187 g.
557 1138 604 1174 ad
635 1137 746 1185 Diog.
771 1136 892 1183 VIII,
919 1137 970 1186 5).
1031 1137 1203 1175 Eandem
1246 1138 1416 1189 denique
1454 1139 1614 1177 breuem
1650 1152 1761 1188 prov.

340 1206 642 1258 explicationem
666 1205 837 1243 ostendit
858 1205 973 1243 etiam
996 1205 1115 1243 schol.
1134 1205 1232 1244 Plat.
1256 1206 1297 1243 in
1320 1206 1529 1244 Lachetem
1553 1210 1644 1254 322,
1664 1210 1711 1244 21
1732 1206 1763 1243 B

341 1276 500 1315 adiectis
530 1273 663 1323 paucis
694 1273 926 1322 scriptorum
957 1273 1286 1323 testimoniis90).

456 1344 580 1386 Quam
611 1342 652 1378 in
683 1354 765 1378 rem
796 1341 953 1379 omnino
987 1341 1286 1390 diligentissime
1316 1342 1570 1394 inquisiuisse
1609 1343 1764 1381 uidetur

342 1416 476 1451 auctor
515 1410 751 1456 communis,
799 1410 923 1447 ueluti
966 1409 1081 1448 etiam
1124 1410 1165 1446 in
1207 1409 1325 1448 schol.
1358 1410 1457 1448 Plat.
1497 1410 1538 1447 in
1581 1409 1764 1459 Gorgiam

342 1496 378 1532 p.
404 1484 481 1518 353
506 1480 555 1525 B,
600 1478 703 1530 quod
745 1482 784 1515 et
822 1477 1054 1526 scriptorum
1096 1478 1321 1516 testimonia
1360 1479 1523 1517 exhibet
1560 1482 1600 1517 et
1637 1483 1765 1517 cetera

343 1549 474 1600 paullo
515 1546 778 1593 adcuratiora,
823 1546 912 1583 dum
944 1547 1047 1584 exile
1078 1551 1136 1584 est
1167 1560 1275 1596 prov.
1308 1547 1399 1584 Zen.
1421 1547 1453 1594 I,
1485 1551 1534 1584 53
1567 1547 1639 1597 (=
1668 1547 1766 1585 Mill.

343 1620 421 1666 ΙΙΙ,
444 1611 506 1672 ἦς’
527 1634 583 1648 =
603 1615 707 1653 Plut.
729 1614 761 1662 Ι,
787 1615 866 1665 65).

455 1685 641 1723 Photium
672 1683 800 1720 minus
831 1696 1046 1731 congruere
1078 1697 1163 1721 cum
1186 1683 1395 1722 scholiasta
1418 1696 1532 1734 quam
1553 1683 1766 1721 Zenobium

344 1758 587 1794 Mettauerus
626 1753 867 1789 demonstrat
906 1751 1022 1789 etiam
1063 1752 1168 1801 (pag.
1196 1752 1291 1801 107)
1335 1753 1381 1789 de
1422 1746 1561 1800 Λευκή
1606 1746 1767 1799 στάθμη

343 1825 434 1862 Zen.
462 1823 535 1869 IV,
568 1824 618 1857 49
653 1819 765 1868 (Mill.
787 1819 871 1866 ΙΙΙ,
897 1813 953 1868 ξς’
974 1837 1029 1851 =
1052 1819 1152 1858 Plut.
1175 1820 1213 1866 I,
1248 1819 1317 1869 39)
1362 1819 1406 1858 cl.
1439 1819 1558 1857 schol.
1586 1819 1685 1857 Plat.
1725 1818 1767 1855 in

345 1890 589 1930 Charmidem
611 1902 648 1938 p.
667 1891 745 1924 323
765 1888 806 1933 B,
839 1887 906 1938 qui
931 1891 1061 1925 tamen
1092 1887 1302 1926 scholiasta
1327 1891 1366 1926 et
1390 1884 1580 1936 ampliora
1608 1887 1770 1937 praebet

347 1966 385 1999 et
415 1960 521 2009 ipsos
550 1970 687 1994 uersus
717 1955 921 2005 Sophoclis
953 1955 1151 1993 exscribit.
1212 1956 1270 1993 De
1308 1956 1444 1993 eodem
1482 1969 1612 2005 prov.,
1655 1954 1770 2006 quale

347 2031 397 2069 sit
428 2028 530 2078 apud
561 2030 711 2063 ceteros
742 2024 1125 2073 paroemiographos,
1158 2024 1332 2073 disputat
1356 2024 1597 2062 Mettauerus
1620 2037 1656 2073 p.
1679 2026 1768 2061 110.

347 2097 506 2134 Nullum
546 2098 676 2144 potest
716 2105 799 2131 esse
838 2092 1017 2139 dubium,
1061 2093 1155 2143 quin
1195 2092 1444 2142 Photiusssl)
1485 2106 1571 2131 s.v.
1604 2092 1770 2130 alterum

348 2170 476 2203 utrum
508 2167 663 2201 secutus
694 2161 765 2208 sit,
811 2165 878 2199 aut
909 2160 991 2197 Ael.
1024 2160 1186 2209 Dionys.
1220 2160 1415 2209 (Eustath.
1444 2163 1570 2207 1531,
1603 2158 1672 2209 63)
1703 2162 1770 2197 aut

349 2232 581 2270 Pausaniam
611 2231 736 2281 (Eust.
766 2232 868 2266 1022
900 2228 983 2279 fin.)
1014 2229 1046 2266 si
1078 2228 1233 2266 confers

442 2382 497 2416 89)
523 2379 614 2409 Unde
640 2377 755 2408 Suidas
781 2377 819 2407 de
845 2385 901 2407 suo
927 2376 1037 2414 aliqua
1061 2374 1161 2406 uerba
1185 2374 1357 2413 compegit.

442 2438 498 2471 90)
523 2435 787 2465 Schneidewinus
812 2444 842 2472 p.
860 2433 937 2462 XVI
962 2433 1085 2463 scholio
1107 2432 1262 2462 adscribit
1287 2432 1388 2472 ‘Haec
1413 2431 1568 2462 Tarrhaei
1593 2434 1676 2469 sunt,
1703 2430 1770 2469 opi-

352 2501 428 2523 nor:
464 2492 579 2529 quibus
612 2502 629 2521 a
654 2502 688 2521 se
721 2491 880 2529 excerptis
915 2491 980 2519 alia
1014 2490 1114 2521 assuit
1137 2489 1300 2519 Zenobius
1332 2489 1461 2519 aliunde
1496 2487 1616 2527 petita'.
1664 2487 1772 2517 Sensit

351 2553 489 2585 rectum,
515 2549 571 2578 sed
595 2550 717 2578 nullam
742 2548 853 2578 habuit
877 2557 1023 2584 causam3
1057 2550 1198 2577 ceterum
1224 2546 1262 2575 de
1287 2545 1422 2575 Zenobii
1447 2555 1547 2584 opera
1570 2545 1666 2575 nimis
1688 2544 1770 2573 libe-

351 2607 460 2635 raliter
490 2606 659 2643 cogitauit,
695 2606 770 2642 quia
800 2605 897 2634 alium
922 2604 1101 2634 Zenobiam
1134 2603 1194 2633 sibi
1220 2604 1357 2633 finxerat
1390 2603 1565 2633 secundum
1596 2601 1686 2631 codd.
1714 2600 1770 2630 BP

353 2672 448 2700 quam
473 2671 543 2691 nos.

445 2720 501 2759 91)
526 2718 639 2748 Suidas
663 2718 756 2747 huius
781 2722 817 2748 et
842 2717 976 2748 Zenobii
1000 2716 1100 2747 uerba
1125 2716 1299 2747 coniunxit.
