1951 3203
925 150 1205 192 -45-

356 255 474 292 ditam
516 254 792 292 recurrendum
824 256 925 301 erat,
969 253 1168 292 concludit
1197 267 1233 303 p.
1256 257 1331 291 109
1366 266 1515 307 Kprovv.
1544 254 1586 291 in
1618 255 1777 292 scholiis

356 323 550 371 explicata
581 334 759 369 magnam
790 324 940 370 partem
972 326 1039 359 aut
1069 335 1089 359 e
1120 322 1231 359 libris
1253 322 1411 372 Didymi
1435 326 1474 359 et
1494 321 1677 359 Tarrhaei
1700 323 1772 359 fiu-

355 391 460 427 xisse
503 402 628 440 neque
668 390 818 428 Boetho
860 390 991 427 deberi
1022 412 1077 418 ——
1115 394 1181 427 aut
1211 403 1262 426 ex
1291 389 1429 427 lexicis
1469 390 1624 440 quidem
1667 390 1779 427 stoici

360 459 497 495 hausta
519 470 613 504 esse,
646 458 830 496 Photium
862 461 990 496 autem
1015 457 1112 495 alios
1134 458 1320 509 quosdam
1343 471 1426 495 esse
1448 461 1623 495 secutum
1654 458 1778 508 (sequ.

358 523 577 575 exempla).'

470 594 551 630 Nos
572 593 868 631 fundamentum
893 592 1093 644 aliquanto
1117 593 1260 631 certius
1282 593 1581 640 substruximus,
1613 607 1699 631 cum
1730 607 1779 631 ex

357 661 664 699 conlectionibus
686 661 922 698 Zenobianis
949 662 1124 698 codicum
1146 661 1249 697 PBV
1280 661 1401 699 multa
1431 674 1568 710 provv.
1595 674 1689 699 uero
1710 661 1779 698 Ze-

358 729 474 767 nobio
512 729 537 767 i.
562 741 594 766 e.
628 729 711 766 eius
741 729 918 766 fontibus
948 728 1319 776 abiudicauerimus,
1365 730 1459 780 quin
1499 729 1615 767 etiam
1655 729 1780 766 adhuc

355 797 599 846 posuerimus
629 797 752 846 ipsius
773 797 936 834 Zenobii
965 797 1085 834 libros
1117 797 1248 834 codice
1272 796 1417 834 Milleri
1450 797 1654 834 contineri.
1709 800 1779 834 At-

358 877 432 917 que
464 866 509 902 de
541 865 838 914 prouerbiorum
871 877 1033 902 numero
1065 865 1247 913 perstabo
1278 864 1318 901 in
1342 865 1414 902 hac
1439 865 1634 903 sententia
1664 877 1778 915 quam

355 934 699 971 uehementissime
731 946 802 971 nec
835 938 970 971 contra
1000 933 1235 982 pugnabunt
1265 932 1476 981 prouerbia
1507 932 1722 970 Platonica.

468 1002 659 1051 Proposui
690 1001 786 1038 mihi
817 1002 913 1039 haec
945 1013 1169 1050 comparare
1200 1013 1285 1038 cum
1319 1000 1374 1038 eis
1400 1012 1500 1051 quae
1531 1000 1780 1038 consentien-

356 1070 461 1107 tibus
493 1070 673 1107 omnibus
704 1069 903 1107 codicibus
933 1069 1105 1107 Zenobio
1139 1069 1348 1107 tribuenda
1379 1073 1479 1106 suut.
1541 1068 1782 1106 Accedamus

357 1138 476 1186 igitur
516 1138 671 1175 tandem
714 1138 759 1174 ad
799 1137 1021 1186 proximum
1063 1136 1297 1174 scholiorum
1338 1136 1378 1173 in
1409 1137 1631 1174 Phaedrum
1670 1148 1780 1185 prov.

357 1219 392 1255 p.
418 1206 496 1242 317
521 1205 573 1243 B:
605 1200 746 1260 ‘’'Ovov
778 1200 883 1242 σκιά’
920 1202 981 1242 ἐπὶ
1016 1205 1092 1241 τῶν
1123 1199 1289 1253 μηδενός
1321 1199 1449 1249 ἀξίων.
1511 1201 1608 1250 φασὶ
1639 1200 1680 1240 δὲ
1711 1200 1782 1239 εἷλ-

357 1269 507 1314 nicom
546 1269 617 1322 τὴν
655 1273 869 1324 παροιμίαν
907 1268 986 1310 ἆπὸ
1028 1273 1096 1310 τοῦ
1129 1269 1377 1320 Δημοσθένει
1418 1272 1471 1324 τῷ
1511 1267 1649 1322 ῥήτορι
1686 1281 1780 1319 συμ-

357 1337 509 1391 βάντος.
572 1340 684 1390 δίκην
716 1337 787 1392 γάρ
820 1354 911 1378 ποτε
949 1336 1002 1385 ὥς
1034 1351 1130 1389 φησι
1160 1335 1395 1390 Ἀριστείδης
1427 1367 1688 1376 .......
1722 1351 1781 1376 se-

357 1411 490 1461 quitur
520 1409 638 1458 longa
668 1410 883 1456 historiola,
916 1422 1032 1460 quam
1054 1409 1214 1446 eandem
1239 1408 1414 1446 continet
1439 1408 1529 1445 Zen.
1553 1407 1622 1454 VI,
1647 1410 1696 1444 28
1714 1405 1781 1456 86)

359 1478 472 1527 (Mill.
494 1479 523 1523 I,
547 1472 623 1527 ἔθ’)
656 1490 778 1528 usque
810 1478 855 1514 ad
887 1478 1008 1514 uerba
1029 1472 1161 1513 ’Ἀλλοι
1193 1473 1233 1513 δὲ
1256 1473 1432 1526 λέγουσιν
1464 1471 1523 1512 ὅτι
1552 1469 1782 1523 Ἀθήνη-θεν

362 1545 414 1590 εἰς
438 1541 619 1590 Δελφούς
651 1575 658 1582 .
687 1574 693 1581 .
719 1575 725 1581 .
760 1558 858 1596 quae
880 1558 1018 1582 reuera
1048 1545 1088 1581 in
1121 1545 1202 1582 eod.
1227 1545 1267 1580 M
1300 1544 1453 1581 desunt.
1504 1543 1579 1580 His
1605 1541 1785 1580 abscissis

359 1613 458 1650 nihil
478 1614 675 1659 habemus,
700 1614 803 1664 quod
826 1626 896 1650 nos
916 1613 1130 1662 Didymeae
1153 1612 1373 1650 sententiae
1394 1612 1612 1658 admoneat,
1636 1611 1782 1662 quippe

360 1683 424 1733 qui
457 1682 604 1731 primus
635 1681 956 1719 animaduertisse
989 1681 1138 1718 dicatur
1168 1681 1215 1717 ab
1240 1680 1430 1728 Harpocr.
1459 1682 1547 1726 151,
1578 1681 1621 1715 11
1648 1679 1677 1714 Β
1709 1672 1782 1725 τήν

357 1748 454 1806 ιπερὶ
489 1745 582 1786 ὄνου
614 1743 734 1792 σκιᾶς’
767 1748 982 1798 παροιμίαν
1013 1748 1365 1798 παραπεποιῆσθαι
1397 1741 1474 1783 find
1506 1747 1576 1783 τοῦ
1608 1741 1782 1795 ῥήτορος

362 1818 428 1866 (sc.
453 1817 735 1866 Demosthene)
757 1815 932 1867 λέγοντος
963 1813 1064 1871 (περὶ
1088 1817 1155 1866 τῆς
1181 1813 1220 1853 ἐν
1243 1817 1412 1861 Δελφοῖς
1436 1808 1573 1859 σκιᾶς’,
1605 1811 1783 1864 λέγεσθαι

362 1881 398 1922 δ’
435 1881 560 1933 αὐτὴν
592 1882 655 1922 ἐπὶ
687 1887 768 1929 τοῖς
799 1882 883 1935 περὶ
919 1885 994 1921 τῶν
1027 1879 1194 1932 μηδενός
1225 1880 1345 1928 ἀξίων
1377 1880 1634 1931 μαχομένοις,
1666 1894 1782 1933 quam

360 1954 661 2003 explicationem
692 1953 959 1991 tantummodo
982 1951 1287 1989 Demosthenica
1317 1952 1438 1988 uerba
1467 1954 1642 1999 spectare
1673 1949 1783 1986 uide-

360 2022 418 2059 bit
450 2023 671 2072 quicunque
700 2021 810 2058 Dem.
842 2020 889 2058 de
920 2032 1014 2069 pace
1047 2020 1110 2056 fin.
1143 2020 1251 2068 legit.
1311 2020 1399 2056 Non
1431 2023 1525 2068 puto
1556 2019 1683 2067 ipsum
1713 2017 1783 2054 Di-

362 2091 518 2139 dymum
548 2089 640 2126 hinc
667 2089 933 2127 stultissimam
957 2088 1063 2124 illam
1085 2087 1271 2125 historiae
1295 2086 1551 2125 mutationem
1575 2086 1782 2123 deflexisse

363 2158 407 2194 de
438 2157 587 2194 uiatore
619 2157 814 2206 Delphos,
846 2168 923 2193 non
954 2156 1115 2203 Megara
1146 2155 1438 2203 proficiscente:
1477 2154 1579 2192 iusto
1611 2165 1782 2204 uereque

361 2226 466 2262 illius
509 2226 629 2262 uerba
673 2225 898 2262 referuntur
940 2223 981 2260 in
1023 2223 1141 2261 Photi
1182 2237 1218 2261 v.
1259 2217 1371 2271 (ὄνου
1411 2217 1499 2258 σκιά
1530 2239 1586 2253 =
1615 2220 1781 2271 Suidas),

363 2307 477 2344 quam
515 2306 592 2330 non
624 2295 683 2330 est
714 2305 782 2330 cur
812 2304 834 2328 a
864 2291 990 2329 lexico
1031 2291 1226 2328 rhetorico
1259 2302 1530 2328 secernamus:
1569 2288 1783 2326 Pausanias

364 2361 485 2408 igitur
516 2361 643 2410 ipsum
674 2360 824 2398 fontem
856 2358 962 2396 adiit.
1024 2359 1084 2395 Ex
1115 2358 1177 2395 his
1208 2358 1424 2395 Pausaniae
1456 2358 1621 2396 fortasse
1651 2356 1782 2394 uerbis

454 2487 510 2522 86)
537 2494 575 2514 ex
601 2484 708 2522 aliquo
734 2484 804 2514 cod.
831 2481 952 2513 Zenob.
982 2481 1179 2520 exscriptum
1204 2490 1274 2511 esse
1301 2491 1319 2510 a
1345 2480 1525 2511 Scholiasta
1549 2480 1713 2519 Aristoph.
1741 2479 1782 2509 ad

364 2542 460 2580 Vesp.
493 2544 550 2571 191
585 2541 685 2571 uerba
717 2550 819 2579 paene
853 2549 997 2578 congrua
1030 2549 1067 2569 ac
1100 2538 1299 2568 Scholiastae
1324 2538 1555 2576 Aristophanei
1586 2536 1781 2567 consuetudo

363 2598 511 2637 probant.
560 2597 810 2638 (Schneidewini
836 2596 1001 2625 adnotatio
1026 2595 1066 2624 ad
1090 2595 1166 2624 Zen.
1187 2595 1244 2633 VI,
1268 2595 1309 2624 28
1335 2595 1374 2624 de
1399 2594 1524 2624 duabus
1548 2593 1684 2623 diuersis
1708 2602 1781 2622 nar-

365 2654 544 2685 rationibus
568 2654 669 2691 cadit,
695 2658 730 2683 ut
755 2654 899 2691 saepius,
934 2653 1009 2690 quia
1032 2653 1166 2682 alteram
1192 2651 1231 2680 ab
1257 2652 1340 2682 Aldo
1365 2651 1509 2681 Manutio
1533 2659 1592 2689 per
1616 2649 1782 2679 Musurum

364 2721 434 2742 esse
459 2712 614 2740 intrusam
640 2710 823 2740 iamdudum
849 2709 998 2751 constat).
