1951 3203
916 0 928 66 ³

915 137 1195 180 ,42-

346 238 484 277 Proclo
516 253 599 278 esse
628 240 878 278 tribuendum
910 241 1122 293 eademque
1153 243 1200 279 de
1231 255 1344 280 causa
1376 242 1418 291 6)
1450 233 1484 295 ‘6'
1515 234 1666 286 τρώσας
1695 234 1762 276 καὶ

346 303 503 344 lacera?
539 308 590 358 (p.
615 312 692 345 338
717 309 762 358 Β)
795 309 841 345 de
872 309 1013 360 quibus
1043 310 1133 347 uide
1165 311 1273 348 Mett.

457 376 503 412 ad
526 376 792 414 Hermiam:
822 373 888 431 (εἰς
917 372 984 420 τοὶς
1014 371 1156 424 ὁμοίας
1184 373 1320 426 λαβᾶς’
1356 378 1409 427 (p.
1435 380 1513 414 313
1538 375 1585 425 Β)
1616 387 1637 412 e
1658 388 1760 413 com-

344 443 532 480 mentario
564 444 647 481 eius
678 445 724 480 ad
755 444 972 482 Phaedrum
1007 445 1151 494 scripto
1184 446 1236 496 (p.
1263 450 1312 483 82
1336 446 1436 483 med.
1458 443 1571 494 Ast).
1603 465 1656 470 —-
1686 442 1760 479 Sed

343 514 447 547 recte
479 512 611 548 eadem
641 524 727 560 pag.
754 515 803 548 25
837 513 1032 551 dubitauit
1061 527 1170 562 prov.
1203 509 1356 570 (γλυκύς
1379 506 1521 563 ἀγκῶν’
1551 512 1613 561 (ad
1635 511 1760 548 Phae-

344 579 452 615 drum
484 593 521 628 p.
545 583 622 616 316
645 580 691 629 Β)
723 581 847 618 eidem
870 582 1068 629 Hermiae,
1100 582 1193 620 licet
1212 586 1362 631 partem
1384 580 1663 626 tantummodo,
1696 578 1762 615 ad-

343 646 531 684 scribere:
573 648 691 694 „mihi
733 649 908 699 quidem,
951 650 1081 701 inquit
1117 651 1191 688 hoc
1220 650 1397 688 scholion
1436 652 1640 687 consutum
1677 659 1761 685 esse

342 714 498 752 uidetur
520 727 569 752 ex
592 716 754 754 Hermia
784 717 837 767 (p.
861 718 935 755 176
959 718 1077 769 med.)
1109 719 1174 770 qui
1207 718 1392 757 conuenit
1423 731 1507 755 cum
1539 716 1670 754 uerbis
1697 710 1758 752 ἐπὶ

343 782 419 817 τῶν
451 782 838 833 κατειρωνευομέυων
869 799 991 837 usque
1024 788 1071 824 ad
1103 784 1283 836 δυσχερές
1314 786 1477 836 (omittit
1508 782 1549 822 ἔν
1572 785 1618 838 τῇ
1645 784 1760 833 Μεμ-

342 848 428 896 φίδι
460 851 529 901 --)
570 855 609 889 et
647 866 695 890 ex
734 854 1073 904 paroemiographi
1105 855 1219 893 Coisl.
1252 854 1515 904 explicatione
1556 852 1760 904 (exscripti

340 923 379 955 et
409 931 430 955 a
461 919 669 957 Leutsohio
701 934 736 970 p.
761 925 839 958 486
873 926 912 960 et
942 935 963 959 a
993 923 1248 973 Bernhardyo
1278 923 1326 960 ad
1358 922 1571 970 Suidam).“

454 987 560 1037 Opus
591 989 664 1026 erit
694 990 818 1027 fusius
850 991 896 1027 de
926 992 999 1029 hoc
1028 1005 1136 1040 prov.
1170 991 1366 1040 disputare
1398 993 1437 1028 et
1466 990 1521 1027 sic
1552 989 1652 1027 hano
1682 989 1759 1027 dis-

339 1055 554 1104 putationis
595 1057 639 1093 de
682 1058 838 1096 scholiis
885 1059 1099 1097 Platonicis
1139 1064 1289 1108 partem
1330 1059 1499 1097 initiare.
1559 1057 1760 1096 Concessit

341 1124 583 1162 Mettauerus
615 1126 667 1175 (p.
693 1125 784 1175 106)
817 1127 972 1164 Nabero
1005 1128 1070 1179 qui
1103 1128 1250 1177 primus
1279 1128 1353 1165 hoc
1385 1127 1553 1173 detexit,
1595 1139 1687 1164 sane
1716 1126 1757 1163 in

338 1191 471 1229 Photii
504 1192 619 1230 lexici
651 1195 815 1243 reperiri
847 1195 985 1234 Boethi
1016 1196 1244 1245 interpretis
1276 1195 1469 1233 Platonici
1500 1194 1687 1243 uestigia,
1719 1198 1759 1232 et

339 1259 414 1296 alia
444 1273 579 1309 provv.
614 1262 745 1300 Photii
779 1263 927 1301 Boe'tho
960 1264 1079 1302 tribui
1112 1268 1151 1302 et
1185 1261 1264 1319 ‘nai
1297 1259 1338 1301 τό
1372 1264 1442 1300 τοῦ
1472 1258 1616 1300 λύκου·
1661 1259 1758 1309 φασὶ

336 1321 454 1364 λύκον
486 1324 617 1365 ἰδόντα
649 1326 715 1367 τόν
747 1329 914 1379 ποιμένα
944 1327 970 1381 ἢ
1000 1329 1065 1369 καὶ
1097 1328 1196 1369 κύνα
1228 1333 1304 1369 τῶν
1335 1332 1575 1381 ποιμενικῶν
1606 1326 1757 1380 πρόβα-

337 1409 404 1432 τον
436 1393 618 1433 ἐσθίοντα
650 1395 788 1435 εἰπεῖν·
827 1395 916 1452 ίἐγώ
949 1395 1052 1436 τοῦτ’
1088 1397 1124 1436 εἰ
1152 1398 1326 1444 ἐποίουν,
1360 1396 1463 1448 πόση
1496 1393 1650 1450 κραυγὴ
1683 1396 1757 1451 ἐγί-

337 1457 442 1511 νετο’,
475 1478 640 1516 quocum
666 1467 751 1504 loco
775 1480 794 1503 e
816 1468 966 1506 Boetho
992 1473 1146 1518 sumpto
1172 1468 1345 1507 concinit
1374 1469 1490 1518 plane
1514 1469 1632 1507 schol.
1656 1469 1756 1507 Plat.

337 1532 384 1568 ad
409 1533 629 1571 Phaedrum
660 1549 696 1584 p.
721 1539 799 1573 318
818 1535 954 1586 B32):
986 1533 1116 1592 ‘Rv'nov
1141 1532 1310 1586 ῥήματα,
1343 1534 1405 1574 ἐπὶ
1432 1538 1502 1574 τοῦ
1531 1534 1598 1574 καὶ
1627 1531 1757 1587 λόγοις

337 1597 401 1635 καὶ
428 1598 553 1651 ἔργοις
578 1598 822 1648 ἀδικοῦντος.
867 1600 961 1641 ἰδών
992 1601 1065 1655 γάρ
1097 1602 1215 1649 λύκος
1245 1602 1412 1653 ποιμένα
1445 1603 1628 1642 ἐσθίοντα
1659 1618 1755 1657 προ-

336 1663 469 1716 βάτεια
501 1664 625 1706 εἶπεν·
662 1665 808 1725 (ἡλίκος
838 1667 886 1709 ἂν
917 1668 1024 1722 ἤρθη
1056 1669 1235 1723 θόρυβος
1267 1671 1302 1710 εἰ
1324 1668 1396 1724 ἐγώ
1425 1670 1533 1710 ταῦτ’
1563 1668 1756 1720 s'noae'ovv3’

336 1732 534 1786 (ἐμνήσθη
575 1735 717 1788 ταύτης
759 1737 932 1777 ἐνταῦθα
978 1735 1183 1792 Πλάτων)’.
1243 1741 1428 1792 Sequitur
1466 1742 1587 1791 igitur
1628 1748 1696 1782 aut
1734 1757 1754 1782 e

335 1805 484 1843 Boetho
508 1811 574 1845 aut
596 1821 615 1845 e
636 1807 801 1846 Scholiis
824 1809 975 1847 Platon.
999 1810 1209 1859 sumpsisse
1231 1812 1312 1848 cod.
1332 1811 1444 1848 Coisl.
1470 1814 1548 1848 326
1573 1811 1629 1861 (in
1652 1815 1753 1863 App.

335 1873 408 1920 ΙΙΙ,
443 1874 510 1924 77)
555 1871 713 1929 ιΛύκου
744 1872 913 1927 ῥήματα·
959 1875 1021 1915 ἐπὶ
1054 1879 1122 1915 τοῦ
1153 1876 1217 1915 καὶ
1251 1874 1380 1929 λόγοις
1412 1876 1477 1915 καὶ
1509 1877 1637 1930 ἔργοις
1668 1877 1753 1918 ἄδι-

334 1938 520 1987 κοῦντος’.
583 1945 721 1995 Neque
744 1946 857 1984 aliter
880 1959 941 1983 res
963 1959 1047 1983 sese
1077 1947 1196 1985 habet
1225 1947 1329 1985 inter
1355 1948 1436 1985 cod.
1459 1948 1498 1986 C.
1527 1952 1599 1986 121
1635 1950 1753 2000 (App.

334 2009 387 2055 Π,
422 2011 461 2060 5)
500 2015 538 2049 et
576 2013 694 2052 schol.
726 2013 824 2051 Plat.
863 2014 903 2051 in
935 2015 1177 2052 Charmidem
1213 2019 1291 2052 324
1333 2019 1373 2053 et
1401 2018 1505 2066 App.
1535 2017 1590 2064 ΙΙ,
1624 2022 1674 2055 60
1707 2018 1754 2057 cl.

335 2078 454 2116 schol.
478 2079 574 2117 Plat.
606 2080 647 2117 in
679 2081 890 2120 Lachetem
917 2083 947 2123 521
972 2087 1050 2120 322
1084 2083 1148 2133 (cf.
1171 2083 1328 2120 Suidam
1349 2101 1405 2116 =
1425 2084 1596 2136 Phot.?).
1657 2086 1753 2124 Ver-

333 2149 458 2183 tamus
489 2161 592 2186 nunc
622 2149 763 2186 iterum
796 2151 844 2187 ad
876 2164 983 2200 prov.
1016 2146 1158 2202 γλυκύς
1188 2146 1331 2201 ἀγκών.

446 2216 666 2255 Concinunt
696 2219 833 2256 Suidas
865 2233 891 2257 s.
914 2233 949 2256 v.
982 2224 1020 2256 et
1051 2220 1132 2256 cod.
1157 2219 1271 2257 Coisl.
1302 2220 1343 2256 in
1375 2233 1419 2257 eo
1451 2222 1555 2272 quod
1585 2225 1751 2274 uterque

335 2295 523 2320 summum
556 2286 707 2334 pondus
738 2286 851 2335 ponit
879 2288 920 2324 in
944 2288 1015 2324 hac
1039 2287 1299 2337 explicatione
1328 2285 1402 2344 ιἐπὶ
1428 2289 1505 2325 τῶν
1527 2285 1751 2339 εὐθυμοῦν-

423 2420 479 2456 82)
504 2433 546 2445 =
573 2420 668 2460 Greg.
689 2421 769 2461 Cyp.
797 2423 833 2451 L.
862 2423 903 2460 ΙΙ,
925 2423 975 2452 66.
1026 2423 1154 2460 Quanta
1178 2432 1277 2461 opera
1302 2424 1332 2452 in
1361 2425 1660 2464 paroemiographis
1688 2427 1750 2457 dis-

333 2477 502 2506 cernendis
528 2488 587 2506 nos
611 2482 756 2515 maneat,
783 2479 894 2516 docet,
920 2480 1004 2517 quod
1030 2490 1068 2509 ex
1093 2480 1142 2509 his
1167 2480 1297 2509 scholiis
1322 2478 1389 2522 (aut
1413 2479 1576 2523 Boetho&
1603 2482 1751 2521 Gregorii

333 2531 412 2570 Cyp.
440 2533 508 2562 cod.
528 2534 554 2562 L
581 2535 643 2564 fine
668 2536 868 2573 singularum
893 2536 1090 2573 litterarum,
1125 2542 1159 2566 ut
1183 2537 1328 2575 uidetur,
1363 2538 1574 2576 interpolatus
1599 2542 1648 2568 est
1668 2539 1750 2569 indi-

332 2588 468 2626 demque
503 2590 608 2620 hausit
642 2593 819 2630 Macarius,
856 2593 909 2630 qui
942 2593 1001 2623 etsi
1033 2593 1188 2623 hocloco
1214 2594 1332 2623 lemma
1355 2597 1480 2624 tantum
1504 2595 1642 2633 recepit⁷
1676 2596 1750 2627 aliis

331 2645 441 2675 multis
472 2655 543 2677 eum
569 2648 701 2677 scholiis
727 2650 878 2679 cohaeret
910 2650 1036 2691 (scholi.
1063 2660 1093 2688 p.
1115 2651 1189 2681 324.
1216 2652 1289 2681 326.
1316 2652 1390 2682 374.
1418 2653 1493 2682 381.
1520 2652 1593 2682 396.
1619 2653 1684 2682 456
1710 2653 1748 2682 Β.

332 2712 358 2731 e.
384 2701 440 2745 g.>.
