1951 3203
387 868 548 927 Caput
581 868 821 927 primum:
860 867 933 912 De
970 865 1204 913 Zenobio.

500 1003 534 1042 1.
593 1001 657 1043 De
687 1000 868 1053 genuino
900 999 1091 1042 Zenobio.

194 1094 308 1131 Certo
345 1093 421 1130 iam
460 1093 550 1130 inde
589 1094 637 1130 ab
677 1092 1018 1130 efflorescentibus
1057 1090 1200 1129 litteris
1240 1091 1507 1129 contenderim

80 1161 249 1199 maxime
281 1161 459 1198 homines
492 1160 703 1199 delectatos
735 1173 818 1198 esse
850 1160 982 1198 uerbis
1017 1159 1142 1197 facete
1174 1159 1422 1210 iucundeque
1454 1158 1510 1195 di-

81 1229 164 1276 ctis,
197 1229 280 1266 siue
311 1230 451 1278 poetae
474 1229 715 1266 audientium
737 1228 887 1265 animos
911 1227 965 1265 eis
988 1240 1145 1264 mouere
1178 1226 1259 1264 siue
1283 1226 1510 1275 philosophi

81 1311 269 1336 summam
301 1297 468 1349 quisque
510 1297 741 1346 sapientiam
782 1296 837 1334 eis
872 1295 1113 1334 committere
1146 1295 1368 1333 studebant.
1427 1295 1510 1332 Nec

78 1366 163 1403 fieri
194 1365 325 1415 potuit
347 1365 444 1416 quin
465 1365 689 1402 huiusmodi
712 1365 834 1402 uerba
865 1363 928 1401 uel
952 1363 1054 1401 dicta
1074 1363 1252 1400 faciliore
1275 1375 1454 1400 sermone
1472 1363 1509 1413 ¹)

80 1446 266 1483 expressa
307 1433 479 1471 omnium
519 1433 666 1484 ubique
706 1432 908 1470 hominum
951 1444 1016 1469 ore
1057 1431 1150 1469 ferri
1183 1431 1405 1481 coepissent
1435 1431 1511 1469 ori-

79 1502 250 1553 gineque
282 1501 507 1539 oblitterata
538 1501 686 1538 nemini
718 1513 797 1537 non
829 1503 960 1537 essent
991 1499 1033 1536 in
1063 1502 1260 1549 promptu.

193 1570 339 1607 Poetae
378 1569 500 1617 igitur
542 1568 577 1606 ei
617 1568 685 1619 qui
724 1568 933 1618 praecipue
973 1567 1177 1605 hominum
1216 1567 1356 1605 animis
1385 1567 1510 1617 impo-

80 1650 173 1676 nere
211 1638 418 1684 uolebant,
461 1650 540 1674 non
571 1636 712 1673 mirum
753 1639 812 1674 est
853 1636 957 1687 quod
988 1635 1132 1672 talibus
1164 1635 1277 1673 dictis
1308 1640 1421 1674 erant
1451 1648 1510 1673 re-

79 1706 191 1753 ferti,
235 1705 274 1743 id
315 1705 419 1756 quod
458 1718 529 1742 nos
569 1717 725 1755 quoque
768 1703 1039 1752 cognoscimus
1081 1716 1131 1740 ex
1169 1703 1386 1753 Sophronis
1416 1704 1510 1753 Epi-

80 1773 227 1812 charmi
256 1772 534 1822 Aristophanis
566 1771 758 1809 uersibus.
818 1771 1032 1808 Maximam
1064 1771 1167 1809 enim
1200 1784 1358 1820 operam
1389 1785 1510 1810 naua-

80 1844 178 1881 bant
207 1842 247 1879 in
279 1841 335 1879 eis
365 1841 578 1887 usitandis,
623 1839 801 1892 quamuis
841 1839 949 1877 nulla
990 1839 1066 1876 alia
1106 1852 1221 1877 causa
1258 1844 1511 1878 mouerentur

80 1911 157 1948 nisi
186 1914 230 1948 ut
250 1909 473 1958 legentibus
503 1909 567 1946 uel
587 1908 836 1946 audientibus
859 1908 1140 1945 satisfacerent.
1202 1907 1322 1945 Aliud
1351 1909 1509 1946 tandem

82 1978 164 2026 egit
194 1977 425 2015 Aristoteles
456 1977 517 2014 uir
546 1977 614 2013 ille
646 1976 792 2022 doctus,
827 1976 893 2026 qui
926 1975 1107 2013 omnibus
1137 1975 1357 2013 litterarum
1388 1976 1507 2024 parti-

81 2047 155 2084 bus
177 2046 311 2083 eodem
344 2044 471 2083 studio
503 2044 663 2081 fauebat
691 2047 811 2094 atque
842 2044 912 2080 has
943 2043 1091 2092 primus
1114 2043 1288 2081 condidit
1308 2043 1396 2081 illas
1418 2048 1509 2082 ante

82 2119 231 2154 ceteros
252 2113 426 2164 protulit.
487 2112 565 2150 Hic
595 2112 716 2161 igitur
747 2110 906 2160 collegit
937 2111 1053 2149 etiam
1084 2111 1304 2160 prouerbia,
1338 2111 1509 2160 origines

83 2196 213 2221 eorum
249 2180 495 2230 explanauit,
537 2181 670 2231 itaque
703 2184 742 2217 et
770 2180 901 2217 fautor
941 2185 980 2217 et
1010 2179 1188 2217 conditor
1218 2179 1353 2217 extitit
1391 2180 1509 2218 huius

85 2250 275 2289 sermonis
314 2262 429 2300 quam
470 2248 715 2286 usitatissimi
758 2248 887 2286 studii.
948 2248 1087 2299 Neque
1124 2260 1218 2285 uero
1251 2248 1412 2286 deerant
1441 2248 1508 2299 qui

83 2319 213 2357 statim
236 2318 298 2356 his
320 2317 459 2356 studiis
482 2318 697 2354 detrectare
720 2319 966 2362 conarentur,
1000 2315 1105 2353 inter
1136 2328 1233 2366 quos
1264 2316 1508 2354 aduersarios

83 2386 307 2424 Aristotelis
327 2385 368 2423 in
389 2385 462 2423 hac
483 2397 639 2436 quoque
661 2397 702 2422 re
725 2384 972 2422 excellebant
992 2383 1176 2421 Isocratis
1199 2383 1378 2421 asseclae.
1439 2384 1508 2421 Ce-

84 2453 286 2502 phisodoti
317 2453 453 2491 saltem
484 2452 673 2490 Isocratei
704 2465 847 2490 nomen
878 2451 1041 2490 tradidit
1070 2450 1184 2488 nobis
1205 2451 1432 2489 Athenaeus
1454 2452 1508 2499 II,

87 2525 150 2559 60.
168 2521 215 2568 D,
247 2520 315 2572 qui
336 2520 560 2559 Aristotelis
590 2521 631 2557 in
662 2521 736 2558 hoc
767 2521 894 2559 studio
918 2531 1074 2568 operam
1101 2518 1382 2567 castigauisset.
1424 2519 1507 2556 Nec

179 2634 212 2671 1)
236 2632 331 2661 Hanc
357 2631 390 2660 in
416 2641 484 2661 rem
509 2633 632 2670 primus
650 2632 742 2662 docte
766 2632 935 2669 inquisiuit
950 2630 1150 2661 Meineckius
1174 2630 1208 2660 in
1232 2631 1382 2660 editionis
1406 2630 1510 2661 Theo—

86 2690 156 2719 criti
179 2689 358 2719 carminum
390 2689 503 2717 tertiae
537 2689 634 2718 calce.
683 2689 786 2718 Multa
812 2688 986 2726 prouerbia
1011 2688 1127 2717 adiecit
1150 2688 1315 2717 Nauckius
1340 2688 1373 2716 in
1399 2688 1507 2716 Anna-

86 2745 164 2775 lium
195 2746 358 2784 Petropol.
394 2745 547 2786 (Bulletin
584 2745 622 2774 de
657 2744 844 2774 l'acadernie
878 2745 917 2774 de
953 2743 996 2774 St.
1023 2744 1251 2783 Pe'tersbourg.
1300 2748 1386 2774 tome
1410 2741 1505 2784 XIII)

85 2811 159 2842 pag.
179 2803 251 2833 373.

1217 2863 1232 2897 1
