1951 3203
942 165 1217 208 —54.„

373 273 504 324 pergit
543 268 694 320 ἤκουσα
735 267 798 317 δὲ,
840 268 961 320 φησὶν
991 265 1017 307 ὅ
1052 268 1257 320 Ταῤῥαῖος,
1290 268 1484 321 ἐγχωρίων
1514 265 1704 322 λεγόντων
1735 265 1796 308 ὅτι

374 339 416 378 ἑν
437 336 611 390 Σαρδόνι
642 326 790 388 βοτάνη
821 338 991 390 γίγνοιτο
1025 338 1157 392 σελίνῳ
1189 338 1439 388 παραπλησία
1469 353 1501 377 0.
1526 353 1562 390 q.
1585 352 1628 386 s.,
1660 352 1795 390 quam-

373 412 507 448 obrem
542 407 797 446 Homericum
837 407 939 445 illud
979 405 1133 455 μείδησε
1174 403 1214 443 δὲ
1254 407 1373 458 θυμῷ
1413 401 1650 456 Σαρδάνιον,
1672 407 1795 445 ‘unde

371 478 537 515 fortasse
578 489 691 526 prov.
731 476 833 514 illud
871 475 1187 525 promanauerit,
1227 489 1307 513 non
1344 475 1470 526 possit
1507 475 1699 525 explicari
1729 469 1797 510 τόν

372 539 439 582 ἀπ’
471 540 601 581 αὐτῶν
641 544 718 581 τῶν
759 544 893 592 χειλῶν
924 540 1067 593 γέλωτα
1097 541 1160 580 καὶ
1196 541 1303 592 μέχρι
1334 544 1405 580 τοῦ
1436 540 1638 593 σεσηρέναι
1667 537 1795 593 γιγνό-

372 626 484 661 μενον
502 613 517 636 1
529 611 545 636 0
558 611 607 662 5).

486 681 577 718 cod.
611 682 652 717 M
694 681 792 718 haec
832 682 955 718 uerba
983 678 1148 717 Zenobii
1187 679 1356 730 recepit:
1401 674 1621 729 Σαρδάνιος
1658 675 1795 729 γέλως·

374 746 560 797 μέμνηται
602 743 744 796 ταύτης
772 743 990 796 ’Όμηρος
1031 745 1096 783 καὶ
1135 743 1420 797 Πλάτωυὶοὸ).
1482 745 1652 795 Εἴρηται
1691 742 1732 783 δὲ
1771 740 1798 795 ἦ

373 816 563 865 παροιμία
596 813 660 853 ἐπὶ
691 817 765 853 τῶν
796 811 849 864 μή
882 813 923 853 ἐκ
955 815 1139 863 καθαρᾶς
1168 816 1236 863 τῆς
1260 814 1437 859 διανοίας
1467 811 1565 863 μηδὲ
1586 809 1796 864 χωρούσης

374 879 570 935 γελώντων
581 898 591 930 ,·
631 885 733 921 hanc
766 883 1072 934 explicationem
1103 897 1243 921 reuera
1280 883 1402 920 fuisse
1431 883 1474 920 in
1504 883 1676 921 Zenobio
1708 896 1798 921 con-

373 953 533 990 firmant
564 953 645 990 cod.
668 953 699 988 B
731 956 770 989 et
800 952 915 999 Diog.
949 952 1088 1000 (VIII,
1123 952 1161 1001 5)
1205 948 1266 987 ἐπὶ
1302 951 1375 987 τῶν
1415 945 1466 998 μὴ
1509 948 1549 986 ἐκ
1589 947 1799 999 χωρούσης

375 1019 548 1064 διανοίας
579 1021 727 1072 (ψυχῇς
748 1020 881 1069 Diog.)
913 1015 1129 1070 yflaivtwv3
1163 1020 1342 1070 sequitur
1363 1019 1553 1057 Tarrhaei
1585 1019 1798 1070 explicatio

372 1089 488 1138 plane
520 1102 607 1126 cum
630 1089 711 1125 cod.
734 1089 765 1124 B
789 1102 971 1136 congrua,
1002 1089 1094 1125 dum
1124 1088 1165 1124 in
1190 1089 1218 1125 P
1240 1090 1362 1126 uerba
1382 1088 1650 1126 tantummodo
1673 1090 1799 1125 muta-

372 1158 534 1204 bantur3
576 1161 660 1194 tum
700 1156 742 1193 in
774 1158 815 1193 M
855 1156 1022 1204 legimus
1059 1151 1374 1206 Φιλόξενος-107)
1407 1153 1449 1192 δέ
1479 1166 1599 1204 φησιν
1638 1153 1799 1201 ἐνίους

375 1222 538 1274 ἱστορεῖν
569 1220 627 1261 ὅτι
660 1222 699 1261 ἐν
731 1223 883 1273 Σαρδοῖ
912 1225 957 1277 τῇ
988 1220 1093 1276 νήσῳ
1125 1219 1266 1269 ξόανόν
1299 1221 1374 1261 ἔστι
1406 1225 1475 1260 τοῦ
1510 1219 1668 1273 Κρόνου
1700 1237 1794 1272 προ-

374 1293 500 1328 τεῖνον
531 1287 599 1336 τοὶς
629 1294 773 1341 χεῖρας,
814 1286 873 1340 ἐφ’
905 1283 952 1329 οὗ
984 1287 1076 1335 τούς
1107 1289 1312 1336 οἰκοῦντας
1344 1288 1562 1329 ἐπιτιθέναι
1592 1286 1637 1328 τα
1668 1289 1797 1341 βρέφη

373 1362 456 1403 ταῖς
494 1358 596 1409 χερσὶ
640 1361 709 1397 τοῦ
740 1356 882 1405 ξοάνου
913 1357 976 1397 καὶ
1012 1356 1206 1410 ἆπογελᾶν
1238 1353 1317 1396 εἶτα
1349 1355 1621 1406 ἀποθνήσκειν
1653 1359 1702 1410 (ἓ)
1733 1357 1800 1397 καὶ

375 1423 440 1464 δια
471 1424 512 1464 τό
546 1429 658 1478 γελᾶν
689 1429 803 1465 τοῦτο
836 1429 1052 1475 κεκλῆσθαι
1084 1423 1150 1464 τὸν
1182 1426 1441 1464 ἕπιθανάτιον
1472 1424 1626 1478 γέλωτα.

487 1497 574 1533 Ν151
618 1497 723 1548 quod
762 1510 832 1547 pro
876 1497 1114 1544 Carthagine
1146 1496 1327 1533 Sardinia
1365 1496 1497 1534 insula
1535 1495 1601 1534 hic
1641 1495 1800 1544 legitur,

376 1565 510 1602 cadem
549 1568 607 1602 est
647 1566 781 1603 fabula
812 1565 1001 1603 Clitarchi
1032 1565 1074 1601 111
1107 1565 1228 1602 501101.
1261 1565 1361 1601 Plat.
1395 1568 1434 1601 ot
1464 1565 1567 1614 apud
1598 1563 1799 1602 Photium.

377 1631 504 1673 Quid?
537 1634 642 1684 quod
662 1633 909 1670 Philoxenus
930 1635 1036 1670 1111110
1058 1637 1256 1670 auctorem
1278 1632 1321 1669 111
1341 1632 1456 1678 libro,
1485 1645 1560 1683 quo
1584 1633 1800 1682 Odysseam

376 1705 660 1739 commentatus
692 1705 761 1747 est,
792 1701 972 1738 laudauit
1003 1702 1050 1737 ad
1074 1715 1108 1744 υ,
1143 1699 1247 1736 302?
1269 1723 1324 1726 —
1354 1701 1470 1737 Nunc
1501 1700 1659 1751 quidem
1691 1700 1800 1738 aliud

377 1772 487 1806 extat
518 1769 694 1807 scholion
726 1770 775 1806 ad
805 1770 872 1815 1.1.,
906 1768 1149 1818 exscriptum
1180 1770 1227 1805 ab
1249 1767 1460 1805 Eustathio
1491 1770 1609 1814 1893,
1635 1771 1669 1814 5,
1702 1781 1801 1819 sqq„

378 1850 464 1874 cum
495 1837 651 1886 plenius
684 1837 803 1874 etiam
838 1840 959 1874 esset:
994 1837 1156 1874 exhibet
1189 1835 1292 1873 enim
1314 1835 1444 1873 Talois
1465 1836 1647 1886 Europae
1674 1839 1800 1874 custo-

377 1905 437 1942 dis
477 1905 764 1952 narrationem,
806 1909 888 1943 tum
930 1904 1236 1954 explicationem
1275 1919 1296 1941 a
1326 1905 1484 1954 plantae
1515 1903 1630 1941 istius
1661 1907 1803 1942 natura

377 1972 555 2023 petitam,
577 1973 728 2011 Timaei
749 1974 922 2012 fabulam
945 1987 989 2011 ac
1011 1972 1176 2011 claudit:
1207 1967 1287 2008 ἄλλ
1301 1986 1319 2009 ο
1333 1986 1345 2008 ι
1367 1968 1415 2008 δὲ
1437 1966 1610 2016 ἄλλως·
1643 1965 1802 2021 ἄμεινον

379 2036 433 2085 δὲ,
464 2037 531 2078 τὸν
562 2038 624 2078 ἐπὶ
657 2037 927 2090 καταμωκήσει
959 2040 1230 2090 προσποίητον
1251 2038 1409 2090 γέλωτα,
1440 2033 1548 2090 παρά
1578 2035 1620 2076 τό
1649 2037 1802 2090 σεσηρέ-

379 2121 463 2153 ναι,
505 2103 527 2145 ὅ
558 2106 660 2146 ἔστιν
691 2105 861 2159 ἀνοίγειν
892 2104 936 2145 τοὶ
968 2109 1081 2157 χείλη.
1141 2111 1323 2156 Agnosce
1353 2107 1464 2145 illam
1503 2107 1801 2158 interpretatio-

378 2190 487 2223 nem,
527 2190 643 2228 quam
674 2177 790 2215 reicit
820 2177 1060 2214 Tarrhaeus:
1099 2176 1276 2214 scholion
1306 2175 1430 2224 igitur
1459 2178 1637 2214 nostrum
1668 2176 1802 2214 Lucil-

472 2335 549 2371 105)
575 2333 651 2363 Sola
676 2338 723 2364 est
749 2338 780 2363 et
804 2334 900 2363 solita
926 2333 1148 2372 interpretatio
1174 2343 1296 2371 eorum,
1322 2333 1375 2372 qui
1392 2333 1535 2363 Homero
1560 2334 1803 2373 interpretando

381 2398 512 2427 operam
537 2390 703 2420 nauabant
729 2391 760 2419 in
787 2390 989 2428 antiquitate.

474 2445 548 2484 106)
573 2447 751 2476 Homerum
774 2450 934 2476 memento
969 2447 1034 2475 iam
1060 2456 1078 2476 a
1103 2446 1281 2476 scholiasta
1307 2456 1377 2476 0550
1402 2450 1625 2477 memoratum.
1651 2466 1694 2470 —
1726 2448 1800 2478 Pla-

380 2506 488 2531 tonem
514 2503 702 2540 saepissime
727 2503 909 2533 inuenimus
935 2513 953 2533 a
978 2503 1114 2533 Zenobii
1142 2503 1329 2532 auctoribus
1354 2503 1454 2533 fuisse
1478 2504 1667 2542 lectitatum,
1703 2514 1802 2542 quare

382 2558 587 2596 potissimum
621 2559 694 2589 talis
729 2563 840 2589 auctor
868 2561 909 2589 ad
933 2561 1104 2589 Platonem
1139 2560 1369 2589 illustrandum
1393 2563 1487 2598 aptus
1513 2565 1598 2589 erat:
1633 2560 1671 2589 cf.
1698 2560 1800 2590 schol.

382 2616 465 2644 Plat.
492 2615 524 2643 in
551 2615 699 2653 Reipubli
726 2616 771 2644 IX
797 2626 826 2654 p.
846 2618 909 2646 418
930 2616 955 2644 B
973 2629 1017 2642 =
1035 2617 1112 2646 Zeu.
1130 2617 1169 2652 V,
1195 2617 1237 2646 55
1263 2616 1309 2657 (M
1326 2617 1367 2645 ΙΙ.
1384 2611 1448 2656 vb')
1473 2617 1558 2646 unde
1582 2616 1698 2647 Suidas
1724 2626 1748 2647 s.
1768 2627 1800 2647 v.

383 2671 489 2710 ἴκταρ.

473 2726 550 2768 107)
574 2728 741 2757 Nauckius
767 2728 799 2757 in
827 2729 941 2758 ssullot.
970 2739 999 2767 p.
1021 2730 1084 2759 375
1110 2738 1256 2758 errorem·
1277 2739 1348 2759 0550
1372 2729 1460 2758 vult!
