1951 3203
704 175 985 217 —37—

137 279 275 318 ceteris
306 279 479 318 additum
510 291 611 326 esse,
654 279 720 317 sed
751 279 879 328 ipsum
909 278 1022 316 illum
1053 279 1287 318 sententiam
1319 279 1558 328 Polemonis,

134 348 196 387 cui
236 341 463 394 subscribit,
506 347 640 397 paucis
681 347 910 385 concludere
951 347 1073 393 uelle,
1117 351 1235 399 atque
1276 348 1373 385 haec
1405 349 1558 386 demum

132 417 254 454 uerba
282 416 430 454 auctori
469 416 590 453 totius
621 415 896 464 disputationis
935 420 1041 453 recte
1072 416 1211 453 tribuit
1241 415 1464 464 Stephanus
1494 417 1556 454 vel

130 485 165 523 is
196 485 263 536 qui
292 485 398 522 hunc
429 488 638 530 auctorem,
670 484 694 521 i.
717 497 749 520 e.
782 483 874 521 Luc.
903 483 1142 520 Tan-haeum
1174 484 1373 521 exscribit.
1406 507 1458 511 -—
1492 484 1558 521 Vi-

132 554 290 590 deamus
319 551 442 599 igitur
472 551 565 603 quid
587 551 782 589 Zenobius
813 551 926 588 nobis
956 551 1171 588 tradiderit.
1233 551 1376 589 Omnes
1407 552 1559 591 codices

131 621 303 672 (praeter
324 619 452 668 Coisl.‚
484 633 560 671 quo
584 620 630 657 de
652 620 742 657 uide
764 619 912 668 notam)
927 619 940 643 ⁷
955 619 992 668 4)
1015 620 1061 656 ad
1082 619 1228 657 Zenob.
1247 620 1315 667 VI,
1342 623 1362 656 5
1387 620 1493 670 (RB.
1517 622 1557 658 M

130 689 163 737 1,
185 685 247 739 β’)
279 690 325 726 de
355 701 397 726 re
429 688 662 734 concinunt,
695 688 787 726 licet
818 688 917 725 alius
948 688 1034 725 aliis
1065 688 1196 725 uerbis
1226 692 1378 736 utatur,
1410 689 1558 728 habent

131 755 338 795 Menandri
369 755 635 794 testimonium
667 760 705 794 et
734 755 918 793 Aristidis
950 755 1273 805 explicationem;
1315 756 1409 807 quin
1441 757 1558 795 etiam

130 824 408 871 contenderim,
440 826 561 862 uerba-
584 825 747 862 Zenobii
780 820 884 873 ἠχεῐυ
916 820 1018 861 οὕτω
1051 820 1118 861 τόν
1148 822 1288 873 λέβητα
1321 823 1384 862 ἐπὶ
1415 821 1557 876 χρόνον

128 888 250 931 πολύν
280 906 360 931 11011
392 896 469 930 tam
499 893 758 930 adtribuenda
790 905 872 930 esse
894 893 1058 931 Aristidi
1091 905 1208 944 quam
1238 893 1313 942 ipsi
1346 893 1555 940 Tarrhaeo‚

129 961 295 1000 conlatis
326 965 365 999 et
394 961 549 998 Scholio
581 961 629 998 Il.
662 967 700 999 et
730 962 950 1010 Stephano,
993 962 1095 1010 apud
1128 973 1243 1012 quem
1283 961 1357 999 hoc
1398 962 1556 1013 quidem

129 1042 239 1078 prov.
271 1029 366 1078 ipsis
397 1029 566 1067 auctoris
598 1029 731 1066 uerbis
762 1041 989 1078 expressum
1023 1042 1107 1066 esse
1140 1029 1308 1067 uidetur.

243 1097 473 1147 Corruptior
494 1102 553 1136 est
573 1097 761 1146 Stephani
783 1111 864 1135 uox
890 1096 1004 1147 Θρῖα,
1037 1097 1146 1135 cuius
1176 1098 1272 1135 haec
1301 1099 1421 1136 uerba
1451 1102 1556 1137 certo

129 1167 177 1204 ad
207 1179 317 1215 prov.
340 1166 433 1204 Zen.
456 1166 500 1212 V,
526 1167 575 1203 75
610 1167 667 1215 <M
698 1167 752 1212 ΙΙ,
785 1162 869 1216 ος’>
902 1170 1102 1215 spectant:
1135 1164 1247 1216 θριαὶ
1281 1163 1322 1204 δὲ
1354 1164 1396 1203 αἱ
1424 1179 1554 1215 μαντι-

127 1231 193 1271 nat
229 1234 386 1283 ψῆφοι,
429 1229 477 1278 ἃς
506 1225 616 1283 εὗρεν
646 1228 817 1283 Ἀθηνᾶ·
860 1229 1085 1283 ἀχθόμενος
1116 1231 1156 1271 ὁὲ
1188 1230 1280 1278 τούς
1320 1235 1389 1272 τοῦ
1419 1229 1554 1270 Ἀπόλ-

126 1302 250 1346 λωνος
282 1304 303 1351 †
334 1296 498 1339 ἄπιστον
531 1297 553 1339 ὁ
583 1297 682 1346 Ζεύς
714 1300 872 1350 ἐποίησε
903 1298 974 1349 τὴν
1006 1298 1071 1339 διά
1104 1303 1180 1340 τῶν
1206 1303 1334 1353 θριῶν
1364 1298 1556 1351 μαντικήν

129 1364 429 1419 εὐδοκιμοῦσαν.
490 1365 550 1408 dui
583 1368 649 1407 καὶ
678 1364 875 1408 Ἀπόλλων
906 1368 983 1419 ἔφη
1019 1368 1170 1425 (πολλοὶ
1203 1366 1422 1420 θριόβολοι,
1455 1371 1556 1407 παῦ-

128 1451 192 1489 ροι
222 1436 263 1475 δέ
294 1451 331 1475 τε
363 1433 518 1487 μάντιες
548 1435 792 1489 ἅνδρες’75).
853 1439 991 1476 Suidas
1028 1452 1151 1488 pauca
1192 1442 1343 1477 tantum
1382 1440 1503 1477 uerba
1534 1452 1554 1477 e

128 1506 259 1556 priore
289 1507 450 1545 Zenobii
481 1511 592 1556 parte
623 1507 799 1556 sumpsit.
845 1520 968 1559 aeque
1000 1521 1043 1545 ac
1076 1509 1156 1546 cod.
1181 1508 1211 1544 B
1235 1509 1327 1545 772.

240 1575 517 1613 Deriuationes
548 1580 766 1626 sequuntur
798 1576 906 1622 duae,
941 1590 967 1613 s.
990 1590 1026 1614 v.
1063 1576 1222 1619 Καῦνος
1241 1575 1326 1625 75),
1359 1576 1474 1613 ducta
1504 1589 1554 1613 ex

131 1637 307 1688 Καύνιος
330 1641 428 1693 ἔρως
457 1643 530 1693 (=
549 1643 664 1691 Diog.
687 1643 732 1690 V,
757 1643 805 1680 71
830 1660 886 1675 =
908 1644 1003 1682 Mill.
1026 1644 1080 1691 H,
1103 1640 1161 1693 η’)
1194 1648 1232 1681 et
1263 1657 1290 1681 S.
1307 1657 1344 1681 v.
1376 1637 1551 1689 Ἰκόνιον,

220 1826 277 1862 74)
309 1823 360 1853 Ab
392 1833 457 1853 una
480 1828 571 1862 parte
606 1828 692 1854 stant
717 1824 823 1854 Schol.
851 1825 935 1854 vict.
961 1825 1050 1853 Iliad.
1077 1824 1174 1861 XVI,
1204 1826 1267 1855 233
1303 1829 1333 1854 et
1358 1825 1428 1854 cod.
1454 1824 1553 1855 Coisl.

131 1883 205 1918 116,
231 1881 286 1918 qui
309 1890 442 1919 prorsus
467 1890 540 1910 cum
558 1879 655 1910 Suida
679 1881 755 1910 facit
780 1891 815 1910 ac
834 1882 886 1910 uel
903 1882 988 1911 idem
1005 1881 1118 1911 uitium
1143 1881 1278 1919 praebet
1303 1891 1340 1911 ac
1357 1882 1504 1912 scholion
1521 1882 1554 1918 1.‚

128 1942 161 1967 et
183 1937 297 1967 Suidas
323 1937 356 1977 (i.
377 1947 403 1967 e.
429 1935 609 1979 Photius?),
636 1938 689 1974 qui
715 1938 754 1966 ad
781 1938 916 1967 uerbum
942 1938 1127 1975 exprimunt
1144 1938 1324 1967 Pausaniae
1350 1939 1552 1975 sententiam,

129 2003 210 2032 quae
235 1994 371 2023 traditur
396 1993 436 2023 ab
460 1994 630 2023 Eustathio
657 1995 747 2035 (335,
773 1992 830 2030 46)
859 1995 955 2030 1760,
985 1996 1026 2023 55
1053 1995 1104 2034 (cf.
1132 1994 1257 2024 Preller
1281 2004 1354 2033 pag.
1376 1996 1416 2025 59
1442 1999 1555 2024 contra

128 2050 336 2080 Rindfleisch.
365 2050 397 2079 in
424 2050 496 2079 adn.
522 2050 562 2079 ad
588 2051 649 2088 frg.
672 2049 768 2085 147):
795 2051 839 2079 ita
863 2051 983 2088 optime
1010 2060 1100 2080 error
1124 2051 1177 2080 ille
1203 2052 1398 2090 explicatur,
1426 2061 1464 2081 ex
1489 2061 1552 2090 quo

130 2107 315 2137 Aristotelis
348 2115 465 2136 nomen
499 2107 584 2145 apud
615 2107 674 2136 hos
700 2111 848 2137 auctores
873 2108 1009 2136 Aristidi
1035 2108 1243 2138 substitutum
1269 2112 1334 2138 est:
1371 2108 1432 2138 soli
1467 2109 1552 2138 enim

127 2164 308 2194 Pausaniae
334 2173 419 2193 nunc
445 2174 463 2193 a
488 2164 584 2194 nobis
609 2164 777 2194 tribuetur.
828 2165 887 2194 hoc
915 2174 1067 2195 concesso
1093 2169 1226 2203 propter
1250 2165 1356 2196 Schol.
1380 2165 1471 2196 Iliad.
1498 2175 1553 2195 ne-

127 2222 267 2251 cessario
292 2222 436 2259 sequitur
460 2221 654 2251 Pausaniam
672 2222 791 2251 Lucilli
811 2222 847 2251 T.
875 2222 975 2251 uerba
1000 2226 1074 2251 ante
1100 2223 1211 2251 oculos
1236 2221 1399 2252 habuisse.
1428 2239 1468 2244 —
1494 2222 1551 2252 Ce-

127 2282 232 2309 terum
257 2282 291 2308 ut
314 2279 375 2308 hoc
399 2278 554 2315 adiciam,
591 2288 609 2307 a
635 2278 793 2308 Strabone
819 2286 863 2319 (p.
883 2280 947 2309 329
974 2280 1037 2317 srg.
1057 2278 1090 2317 3)
1116 2279 1286 2317 explicatio
1310 2279 1446 2308 traditur
1470 2289 1552 2317 quae

128 2338 195 2365 toto
220 2336 311 2365 caelo
336 2335 433 2365 distat
457 2335 497 2365 ab
522 2335 671 2365 omnibus
696 2336 1018 2374 paroemiographis,
1053 2336 1113 2365 etsi
1138 2336 1271 2366 subesse
1295 2336 1480 2366 Polemonis
1504 2336 1551 2366 in-

127 2393 390 2431 terpretationem
415 2392 558 2422 Prellero
585 2391 629 2434 (p.
649 2390 703 2434 58)
730 2393 826 2422 facile
851 2393 1053 2429 crediderim,
1079 2402 1151 2422 cum
1176 2393 1319 2423 Lucillus
1344 2396 1454 2423 noster
1479 2394 1551 2424 Ari-

128 2449 244 2479 stidem
269 2449 406 2486 demum,
431 2450 616 2480 Polemonis
641 2449 807 2485 asseclam,
834 2453 961 2479 secutus
986 2450 1036 2479 sit.

221 2507 276 2544 75)
306 2506 473 2544 Xylander
498 2507 661 2537 emendari
687 2507 787 2536 uoluit
813 2502 998 2548 οἱχὲῐομένου
1024 2504 1061 2539 δὲ
1085 2505 1142 2538 τοῦ
1168 2501 1395 2545 Ἀπόλλωνος,
1431 2507 1551 2537 Meine—

128 2563 202 2593 kius
218 2558 406 2604 ἀχθόμενος
422 2560 460 2595 δὲ
476 2560 553 2599 τοὺς
578 2559 753 2605 χρησμούς
777 2562 1076 2604 καταφρονηὲῆναι
1099 2561 1156 2594 τοῦ
1181 2559 1390 2599 ’Λπόλλωνος
1414 2558 1552 2595 ἄπιστον

130 2615 147 2651 ὅ
175 2616 262 2656 Ζεύς
287 2630 313 2650 e.
334 2629 363 2657 q.
381 2630 405 2649 s.
431 2619 487 2649 sed
511 2629 583 2649 cum
608 2629 672 2650 non
696 2620 818 2658 Iupiter
842 2620 922 2649 illud
946 2629 1042 2658 aegre
1067 2620 1150 2657 tulit,
1177 2620 1232 2650 sed
1249 2620 1377 2659 Apollo,
1404 2621 1551 2658 equidem

130 2686 277 2716 propono
302 2671 487 2719 οἶχὶτομένου
514 2672 551 2708 δὲ
574 2674 703 2712 τούτοις
726 2674 783 2708 τοῦ
808 2672 1016 2712 ’Λπόλλωνος
1041 2670 1096 2708 cin.

223 2735 278 2772 76)
304 2733 419 2763 Suidas
445 2743 469 2764 s.
489 2743 520 2762 v.
548 2731 589 2763 K.
618 2730 642 2763 ἐ.
670 2733 840 2772 exscripsit
865 2733 959 2771 Diog.
988 2734 1039 2763 uel
1066 2733 1197 2763 fontem.
