1951 3203
738 156 1021 199 —27ss

176 267 316 313 genter
357 261 635 311 congestisffl)
677 262 864 299 auxisset.
936 262 1050 299 Hane
1096 261 1323 311 opinionem
1367 260 1599 297 confirmare

174 332 335 370 uidetur
365 330 477 369 testis
502 329 661 381 quidam
692 329 952 380 antiquitatis,
985 343 1101 380 quem
1123 330 1249 366 solum
1269 328 1433 366 Zenobii
1454 328 1600 365 librum

172 400 353 438 laudasse
370 397 695 436 Schneidewinus
714 398 926 435 concedere
948 397 1144 435 debebat4
1156 397 1206 446 9),
1228 399 1462 447 Anonymus
1481 397 1600 433 Scho-

172 467 289 505 liasta
317 467 484 504 Aristot.
515 467 680 503 Rhetor.
712 467 774 514 (H
804 481 842 516 p.
866 465 956 515 42),
1000 479 1087 503 eum
1127 465 1223 503 citat
1262 460 1315 508 ὥς
1345 459 1368 501 ὁ
1400 460 1601 513 Κρατερός

174 545 296 583 φησιν
325 529 352 583 ἢ
374 535 526 584 Δοῦρις
556 531 596 571 ἐν
628 534 682 586 τῷ
711 532 847 584 βιβλίῳ
872 533 950 570 τῶν
971 534 1194 583 παροιμιῶν
1220 530 1477 581 Ζηνοβίου
1506 526 1598 568 ἆπό

174 603 259 640 τοῦ
296 600 558 652 Ταρῤαίου.
619 603 688 653 (se.
720 602 812 639 Zen.
834 602 892 648 II,
916 605 966 638 28
988 619 1045 633 =
1064 601 1167 639 Mill.
1190 602 1269 647 IH,
1290 595 1356 651 W.)

287 670 566 708 Intelleximus
602 670 727 718 igitur
764 669 851 707 ueri
891 684 974 707 esse
1006 669 1133 707 simile
1163 669 1381 707 Zenobium
1411 668 1601 706 Tarrhaei

173 741 331 777 demum
370 739 493 777 libros
532 742 613 776 tres
643 738 686 775 in
717 737 878 776 breuius
911 738 1156 776 contraxisse
1187 751 1231 775 ae
1262 738 1424 787 Didymi
1458 751 1600 775 nomen

180 807 259 845 suis
298 807 414 845 libris
454 807 705 858 praefixisse,
749 806 841 857 quia
871 820 960 844 eum
998 806 1077 844 iam
1108 821 1130 843 a
1160 807 1357 843 Tarrhaeo
1398 806 1601 842 laudatum

172 876 394 913 inuenerat.
453 876 614 913 Ponunt
653 874 811 926 quidem
852 875 971 922 uulgo
1012 876 1118 912 hune
1160 878 1361 912 auctorem
1401 877 1491 911 ante
1531 873 1600 909 Di-

172 943 281 994 dymi
303 943 567 992 aetatem-⁸³⁰),
599 942 837 980 testimoniis
861 956 955 980 uero
988 943 1045 980 uti
1078 957 1157 979 11011
1181 946 1356 992 possunt.
1418 943 1500 989 Ego
1522 941 1600 977 iam

174 1026 251 1052 uno
283 1011 430 1049 indieio
462 1011 571 1048 nisus
603 1025 729 1048 meam
762 1011 999 1048 sententiam
1031 1011 1263 1048 confirmare
1304 1016 1466 1048 conatus
1504 1023 1599 1046 sum.

172 1082 236 1117 Ab
263 1079 443 1118 omnibus
473 1078 653 1129 partibus
685 1082 792 1116 corta
823 1078 910 1125 erit,
942 1083 1153 1129 postquam
1187 1079 1394 1130 utriusque
1428 1077 1598 1116 auetoris

172 1147 388 1186 Zenobiani
417 1147 606 1198 reliquias
639 1146 1011 1185 examinauerimus.

287 1215 482 1265 Didymus
506 1216 669 1252 eandem
699 1229 815 1266 quam
845 1216 1045 1267 plerisque
1078 1216 1301 1254 litterarum
1333 1215 1512 1265 partibus
1543 1215 1600 1252 di-

173 1283 380 1332 ligentiam
412 1283 531 1321 etiam
562 1283 786 1334 prouerbiis
817 1284 1026 1333 impendit,
1060 1298 1297 1335 quamquam
1319 1285 1600 1321 dolendumne

175 1352 294 1390 huius
336 1351 495 1403 quidem
534 1351 610 1389 uiri
652 1351 866 1403 quidquam
905 1352 1059 1400 integro
1101 1367 1184 1390 esse
1218 1356 1430 1390 seruatum.
1490 1352 1598 1389 Libri

175 1417 274 1476 επερὶ
298 1414 533 1467 παροιμιῶυ’
563 1420 785 1467 fragmenta
817 1420 1034 1470 composita
1066 1424 1156 1458 sunt
1187 1436 1208 1458 a
1230 1421 1529 1460 Selineidewino
1561 1420 1601 1457 in

175 1488 299 1538 praef.
328 1502 364 1538 p.
385 1487 487 1525 XIV
519 1488 575 1537 (et
596 1489 649 1525 M.
674 1487 891 1525 Sehmicltio
916 1503 951 1538 p.
973 1492 1050 1525 396
1070 1490 1185 1539 sqq).
1244 1491 1302 1525 Ae
1323 1489 1493 1539 primum
1517 1489 1601 1539 qui-

176 1557 264 1594 dem
286 1559 485 1606 sumptum
508 1559 568 1593 est
588 1570 638 1593 ex
660 1556 843 1593 Helladio
876 1556 997 1606 (apud
1019 1557 1206 1594 Photium
1231 1560 1307 1594 533
1328 1559 1363 1595 b.
1392 1557 1438 1593 17
1463 1557 1602 1606 Bekk.)

175 1620 246 1680 ιὅτι
276 1623 488 1674 παροιμίαν
520 1618 618 1660 εἶναι’
649 1634 747 1672 φησι
777 1619 846 1660 τόν
877 1619 1005 1669 δεξιόν
1037 1619 1275 1661 ὑποδεῖσθαι
1308 1621 1437 1670 πόδα,
1470 1619 1538 1662 τὸν
1568 1620 1600 1661 ὀ’

176 1686 378 1742 ἀριστερὸν
411 1690 540 1737 νίζειν·
585 1689 681 1740 φησὶ
714 1687 786 1742 γάρ
819 1686 839 1728 ὁ
878 1689 1171 1741 Πολέμων-51),
1216 1687 1268 1737 αἷς
1299 1695 1487 1743 μαρτυρεῖ
1517 1692 1599 1729 Ai-

266 1819 323 1854 48)
356 1816 515 1855 „Fecerat
538 1816 622 1845 enim
648 1816 764 1846 itinera.
798 1816 976 1854 longinqua
1009 1817 1147 1854 indeque
1179 1827 1259 1856 opus
1294 1827 1387 1847 suum
1411 1818 1598 1855 illustrauit,

178 1873 265 1911 quod
289 1873 432 1903 cernitur
456 1877 522 1902 tam
540 1883 578 1902 ex
596 1872 706 1911 Steph.
725 1874 803 1911 Byz.
831 1870 980 1913 Δωδώνη
1008 1898 1012 1903 .
1035 1898 1040 1902 .
1064 1899 1068 1904 .
1095 1871 1184 1914 παρὰ
1210 1873 1275 1905 τῶν
1301 1872 1487 1916 ἐπιχωρίων
1513 1872 1601 1911 τινὸς

177 1923 385 1970 ἠκούσαμεν’
419 1938 515 1967 quam
550 1940 589 1959 ex
620 1929 729 1960 Schol.
763 1930 845 1959 Plat.
880 1940 914 1968 p.
940 1933 1004 1961 396
1036 1931 1141 1961 Bekk.
1175 1925 1321 1975 sizonem
1352 1928 1411 1968 δὲ,
1447 1929 1550 1971 φησὶν
1584 1927 1602 1962 0‘

177 1985 362 2027 Ταῤῥαῖος,
389 1983 559 2028 ἐγχωρίων
585 1983 746 2026 λεγόντων
772 1981 824 2018 ὅτι
848 1983 880 2017 ἐν
907 1984 1057 2027 Σαρδόνι
1082 1986 1222 2027 γίγνοιτο
1249 1985 1371 2029 βοτάνη
1399 1986 1516 2027 σελίνῳ
1542 1998 1599 2018 τεα-

178 2040 347 2083 ραπλησία
372 2065 378 2071 .
399 2067 404 2071 .
425 2045 455 2072 .“
504 2043 627 2073 Preller
653 2044 846 2083 kPolemonis
871 2044 966 2082 srgg.⁷
990 2054 1063 2082 pag.
1085 2047 1137 2073 62.

269 2100 330 2138 49)
353 2100 437 2129 Nam
456 2100 594 2130 Tzetzae
619 2099 702 2130 Chil.
720 2101 812 2137 V111,
832 2103 872 2131 18
897 2104 928 2130 et
945 2100 1062 2130 Scholl.
1080 2101 1179 2130 Arist.
1198 2101 1283 2130 Nub.
1307 2103 1367 2131 134
1393 2110 1495 2139 paene
1520 2102 1601 2131 eius—

177 2157 249 2186 dem
274 2160 349 2186 sunt
371 2157 486 2186 aetatis
511 2160 542 2186 et
567 2157 635 2187 eius
659 2158 918 2187 recentissimae:
945 2157 1095 2187 Scholion
1121 2158 1349 2196 Aristophanis
1373 2158 1414 2187 ab
1439 2159 1523 2188 Aldo
1550 2159 1599 2187 uel

176 2214 283 2252 potius
314 2214 446 2244 Musuro
480 2213 637 2243 insertum
674 2224 744 2244 esse
780 2225 819 2244 ex
854 2215 955 2244 nostri
991 2215 1127 2245 Zenobii
1159 2215 1267 2244 codiee
1302 2215 1486 2244 iamdudum
1518 2216 1602 2244 inter

179 2280 291 2300 omnes
314 2273 451 2300 constat.

270 2328 328 2365 50)
352 2327 488 2357 Videtur
511 2328 670 2357 Maassius
705 2337 794 2357 meus
829 2313 950 2365 &liquid
976 2329 1117 2358 sensisse
1143 2329 1175 2357 in
1202 2328 1304 2358 libelli
1339 2329 1387 2368 „de
1412 2328 1601 2367 biographis

179 2383 312 2421 graecis’
330 2383 459 2425 (Philol.
475 2385 759 2423 untersuehungen
773 2395 839 2414 von
853 2385 1022 2423 Kiessling
1035 2386 1099 2415 und
1115 2396 1146 2416 v.
1162 2386 1391 2422 Wilamowitz)
1409 2395 1440 2423 p.
1456 2387 1518 2415 168
1534 2383 1600 2427 (Η)

179 2440 215 2469 el,
235 2450 265 2478 p.
286 2441 341 2477 36,
366 2450 469 2478 neque
495 2442 607 2471 deesse
633 2442 687 2479 qui
713 2442 874 2471 senserint
899 2442 993 2471 aliter
1018 2443 1114 2472 facile
1140 2442 1302 2480 suspico1<3
1331 2443 1386 2479 qui
1402 2443 1509 2480 palam
1528 2452 1599 2480 pro-

178 2497 310 2526 tulerint
334 2497 513 2526 dissensum
539 2508 557 2527 a
582 2498 838 2535 Schneidewino,
865 2500 1027 2528 neminem
1052 2500 1136 2528 noui.

271 2554 326 2591 51)
350 2554 474 2584 Preller
498 2564 529 2592 p.
551 2556 611 2584 151
639 2556 857 2594 amputauisse
882 2559 975 2593 putat
998 2556 1077 2585 haee
1101 2556 1273 2593 Photium,
1309 2560 1343 2585 ut
1366 2556 1443 2594 quid
1467 2557 1600 2585 Polemo

179 2610 218 2639 de
243 2610 297 2639 illo
322 2620 414 2648 prov.
442 2610 558 2640 dixerit
591 2612 737 2650 dignosci
770 2622 833 2642 non
867 2613 1004 2650 amplius
1037 2613 1149 2651 possit.
1200 2613 1295 2650 Quod
1328 2623 1392 2642 non
1424 2614 1599 2651 intellego:

179 2676 254 2696 nam
279 2677 318 2697 ex
341 2668 396 2697 illo
421 2677 526 2705 p1·OV.‚
553 2668 639 2706 quod
661 2669 795 2698 Polemo
820 2673 902 2699 teste
927 2670 1069 2708 Didymo
1095 2670 1211 2708 adfert,
1235 2670 1407 2709 conligitur
1423 2670 1486 2699 illis
1504 2670 1600 2699 etiam

179 2723 289 2754 uerbis
313 2733 395 2762 quae
420 2725 623 2762 antecedunt,
647 2734 743 2763 prov.
768 2726 854 2756 idem
879 2725 1046 2756 contineri.
