1951 3203
801 199 1054 241 -5—

214 302 473 340 Alexandrini
504 303 564 340 usi
595 306 737 341 essent.
798 303 885 341 Hoc
922 304 1045 352 igitur
1083 304 1197 342 titulo
1229 305 1295 356 qui
1338 304 1453 354 plane
1493 318 1639 342 morem

213 371 460 409 falsariorum
500 370 651 409 redolet
683 371 749 422 qui
782 371 955 420 ipsorum
993 371 1115 409 libros
1156 372 1385 422 compilatos
1416 372 1640 411 nominibus

212 438 445 476 inlustribus
477 438 699 476 substitutis
727 443 922 476 exornant
941 438 1017 488 l²),
1050 440 1258 478 traduntur
1288 440 1401 478 nobis
1431 441 1642 490 prouerbia

213 506 308 544 satis
339 506 471 552 multa,
504 518 603 557 quae
636 506 765 543 omnia
796 507 835 543 in
860 506 1005 543 Milleri
1037 507 1137 544 serie
1167 508 1283 545 tertia
1314 508 1509 555 leguntur.
1571 511 1640 546 At-

214 587 290 626 que
321 574 542 612 adcuratius
584 574 748 611 conlatis
789 574 894 611 hisce
928 575 1077 612 duobus
1108 575 1305 612 codicibus
1337 576 1553 615 certissima
1581 589 1641 614 ra-

213 642 321 680 tione
363 654 668 693 consequemur,
713 646 922 693 utrumque
955 646 1116 691 propter
1147 644 1313 680 eundem
1343 644 1641 692 prouerbiorum

213 711 388 748 ordinem
420 710 635 748 arctissima
664 711 867 748 adfinitate
900 711 1094 758 coniungi,
1128 724 1255 762 neque
1278 724 1371 748 uero
1405 712 1568 750 alterum
1591 714 1638 750 ab

212 778 335 817 altero
366 780 556 828 pendere;
588 791 676 815 nam
709 779 887 830 quamuis
917 779 958 815 in
990 779 1210 827 prouerbiis
1240 780 1512 828 pseudo-Plut.
1546 793 1640 831 qua-

214 847 394 896 draginta
435 851 620 898 quattuor
661 859 760 897 quae
800 847 839 883 in
881 847 962 884 cod.
996 848 1035 882 M
1074 846 1275 894 leguntur,
1320 847 1466 893 desint,
1510 852 1640 886 cetera

212 915 342 953 omnia
361 915 569 953 retinuerit
591 916 673 952 cod.
699 916 749 960 M,
783 920 911 952 tamen
945 915 1168 966 quicunque
1200 915 1331 964 priora
1361 919 1513 953 tantum
1544 916 1639 953 lem-

211 987 315 1021 mata
357 995 569 1034 eorumque
612 983 894 1032 explicationes
938 995 1160 1031 comparare
1202 983 1392 1031 coeperit,
1437 983 1641 1032 intelleget

211 1051 312 1088 nihil
342 1051 416 1089 nisi
448 1051 596 1089 fontem
618 1051 822 1101 utriusque
846 1051 989 1088 codicis
1010 1051 1131 1088 fuisse
1154 1063 1396 1088 communem
1414 1050 1490 1100 ¹3).
1551 1051 1639 1089 Hoc

210 1119 312 1156 idem
336 1119 605 1168 comprobauit
625 1119 742 1155 etiam
765 1118 974 1155 Fresenius
1007 1119 1059 1167 (p.
1084 1122 1133 1155 43
1155 1119 1258 1169 sqq.)
1291 1119 1416 1156 tribus
1446 1119 1525 1157 illis
1546 1133 1640 1157 con-

210 1187 390 1225 lectionis
434 1190 594 1237 quartae
635 1186 876 1235 prouerbiis,
921 1199 1019 1237 quae
1061 1186 1239 1235 pleniora
1280 1187 1442 1225 exhibet
1482 1187 1563 1225 cod.
1591 1187 1635 1233 L,

210 1268 283 1293 nec
314 1255 518 1306 quisquam
558 1255 630 1292 hoc
670 1255 724 1292 ita
762 1266 845 1291 esse
877 1254 1054 1301 negabit,
1099 1254 1166 1304 qui
1209 1254 1353 1291 codicis
1385 1255 1425 1290 M
1466 1255 1636 1292 indolem

209 1323 468 1373 perspexerit,
501 1323 609 1360 cuius
641 1324 763 1372 ipsius
796 1323 1024 1371 scriptorem
1048 1335 1203 1371 operam
1227 1322 1463 1371 excerpendi
1492 1327 1531 1360 et
1550 1323 1638 1359 bre-

209 1392 343 1429 uiandi
375 1392 524 1430 subisse
555 1392 714 1440 adparet
745 1391 877 1428 multis
908 1390 985 1428 illis
1017 1390 1120 1429 notis
1142 1391 1317 1438 margine
1339 1390 1500 1428 adiectis
1531 1390 1637 1440 (vide

211 1459 355 1497 Milleri
387 1460 676 1509 adnotationes)
709 1472 945 1510 quamquam
977 1459 1048 1496 hac
1069 1459 1109 1496 in
1132 1472 1172 1496 re
1195 1472 1273 1496 non
1306 1458 1468 1496 multum
1501 1458 1636 1507 culpae

211 1528 391 1578 scriptori
423 1528 567 1565 codicis
598 1529 639 1565 M
671 1528 790 1566 tribui
822 1527 952 1564 uelim.

323 1596 486 1634 Accedit
527 1598 628 1647 quod
670 1596 744 1633 alio
789 1597 956 1646 quodam
997 1595 1296 1644 prouerbiorum
1341 1595 1470 1632 codice
1511 1607 1637 1644 nuper

211 1665 364 1703 detecto
398 1671 436 1703 et
467 1665 570 1703 edito
601 1665 822 1702 adem-atior
853 1664 967 1701 etiam
1001 1663 1170 1700 efficitur
1207 1663 1381 1700 codicum
1422 1664 1637 1701 stemmatis

209 1733 353 1772 tabula.
414 1734 552 1770 Frater
583 1732 685 1770 enim
718 1732 862 1770 codicis
894 1732 925 1768 L
957 1736 1016 1768 est
1047 1731 1130 1768 cod.
1154 1731 1210 1775 Σ,
1244 1731 1289 1767 de
1322 1744 1398 1781 quo
1429 1743 1636 1780 perperam

208 1801 398 1839 iudicauit
420 1801 562 1847 Graux,
595 1801 687 1851 quia
717 1804 893 1838 naturam
917 1800 1000 1836 eius
1030 1812 1109 1835 non
1140 1798 1353 1847 perspexit.
1413 1798 1508 1835 Cum
1531 1798 1635 1836 enim

210 1882 398 1907 summam
430 1869 512 1906 eius
544 1874 646 1906 esset
676 1868 912 1917 depicturus,
944 1868 1005 1904 his
1028 1866 1160 1903 uerbis
1183 1879 1276 1903 usus
1298 1873 1375 1903 est:
1407 1866 1508 1912 „Les
1531 1867 1635 1903 deux

210 1940 366 1975 auteurs
398 1949 473 1988 que
503 1937 539 1974 le
569 1936 824 1984 compilateur
854 1948 875 1971 a
906 1939 1059 1972 surtout
1090 1934 1162 1971 mis
1195 1932 1214 1969 ὸ
1247 1934 1514 1972 contribution
1546 1938 1636 1972 sont

210 2003 405 2042 Zenobius
435 2008 474 2042 et
503 2004 653 2041 Suidas.
713 2004 817 2041 Tous
849 2003 904 2040 les
935 2007 1064 2040 autres
1094 2001 1440 2051 paremiographes
1470 2002 1521 2039 du
1544 2002 1636 2040 Cor-

210 2086 283 2122 pus
314 2073 360 2109 de
390 2072 876 2117 Schneidewin-Leutsch‚
911 2069 930 2107 ἓι
962 2071 1092 2108 savoir
1121 2070 1363 2118 Dioge'nien,
1394 2069 1431 2106 le
1462 2071 1634 2108 Pseudo-

210 2141 446 2192 Plutarque,
489 2141 635 2178 Michel
665 2140 913 2190 Apostolius‚
947 2138 1154 2185 Arsenius,
1196 2138 1390 2176 Macarius
1421 2137 1633 2188 Chrysocc-

209 2209 345 2259 phale,
377 2209 475 2246 ainsi
508 2221 584 2260 que
615 2209 671 2246 les
703 2208 935 2245 manuscrits
967 2208 1033 2258 qui
1066 2210 1133 2245 ont
1163 2206 1295 2244 fourni
1326 2206 1363 2243 la
1393 2203 1554 2244 matiere
1586 2207 1632 2245 de

208 2275 450 2326 l’Appendix
480 2280 519 2315 et
549 2278 594 2314 de
624 2277 661 2313 la
694 2277 881 2314 Mantissa
914 2276 1217 2312 proverbiorum
1250 2275 1301 2311 du
1332 2274 1500 2323 Corpus;
1542 2274 1631 2324 puis

307 2422 360 2465 12)
386 2424 460 2453 vide
486 2423 685 2453 Schneidew.
712 2424 813 2461 praef.
833 2422 959 2451 XXXV
977 2432 1024 2459 sq.

307 2482 362 2518 13)
389 2481 523 2518 „Neque
541 2481 635 2510 aliter
659 2482 690 2510 in
709 2481 822 2510 ceteris
848 2480 993 2518 partibus
1018 2480 1184 2516 utriusque
1202 2478 1320 2508 codicis
1338 2478 1560 2508 communibus
1583 2489 1634 2509 res

211 2547 282 2567 sese
314 2536 421 2566 habet.
470 2537 497 2566 L
524 2538 654 2575 eadem,
690 2538 802 2567 eodem
828 2538 939 2566 ordine
965 2537 1140 2574 disposita,
1176 2535 1297 2564 eisdem
1328 2535 1437 2565 uerbis
1468 2544 1632 2573 expressa,

212 2594 333 2624 eisdem
356 2593 442 2623 uitiis
466 2594 635 2630 inquinata
658 2594 792 2632 praebet
817 2603 854 2623 ac
879 2594 930 2630 M,
959 2593 1021 2622 nisi
1046 2592 1131 2629 quod
1156 2592 1317 2630 permulta
1341 2591 1478 2627 omittit,
1504 2594 1634 2621 seruata

211 2651 245 2680 in
271 2653 445 2688 angustum
479 2650 565 2688 cogit
597 2650 796 2688 mutilatque.
846 2650 1021 2679 Uberiores
1056 2648 1279 2685 doctioresque
1313 2648 1494 2677 notationes
1529 2647 1632 2685 magis

212 2707 377 2736 mutilatae
402 2712 476 2736 sunt
500 2716 596 2744 quam
621 2707 721 2736 exiles
746 2707 889 2744 glossae,
928 2707 1119 2744 scriptorum
1144 2704 1330 2735 testimonia
1354 2707 1540 2734 constanter
1564 2704 1632 2734 fere

213 2763 365 2794 omissa-‘⁶
412 2763 585 2794 Fresenius
610 2772 682 2801 pag.
703 2765 756 2794 38.
