1951 3203
955 173 1232 218 -52-

384 282 455 331 IV,
478 286 500 320 3
528 281 585 333 (M
606 282 662 327 Π,
683 272 736 330 ς’)
766 279 1034 317 narrationem
1056 279 1272 330 (Hellanioi
1282 279 1325 330 ?)‚
1357 283 1548 332 quantum
1569 279 1728 332 quidem
1759 282 1809 320 ad

384 354 581 389 certamen
611 348 809 387 Melanthi
850 351 890 386 et
927 347 1099 386 Xanthii
1138 348 1332 398 pertinet,
1376 352 1414 387 et
1443 348 1716 400 Demonisssss)
1758 350 1807 388 de

386 419 510 457 Codro
531 416 781 455 historiolam
810 416 906 455 licet
925 416 1104 455 breuiter
1126 417 1360 467 compositas
1382 431 1426 456 ao
1452 416 1636 468 praefigit
1664 418 1808 456 lemma

382 487 487 525 idem
519 486 623 538 quod
652 485 695 523 in
727 485 875 523 sehoiio
907 485 1076 534 legimus
1107 484 1166 535 (in
1198 485 1281 523 cod.
1311 486 1342 522 P
1372 486 1476 524 forte
1508 485 1711 536 omissum)
1743 483 1808 524 ἐπὶ

383 557 461 593 τῶν
490 552 594 591 πάνυ
622 549 804 605 εὐγενῶν,
836 554 904 591 sed
934 568 1014 592 non
1046 552 1223 591 seruauit
1252 566 1440 601 generum
1469 555 1715 606 heroumque
1746 557 1806 592 ta-

383 624 518 662 bulam
549 622 658 661 cuius
690 636 880 660 summam
909 621 1076 670 Diogen.
1099 621 1170 668 IV,
1203 625 1252 658 84
1270 621 1362 672 ¹⁰⁰)
1391 622 1454 660 his
1489 625 1644 660 tantum
1673 622 1807 661 uerbis

385 692 557 742 concipit
596 686 687 746 ‘o'cnd
728 686 801 742 γὰρ
835 689 1107 734 Δευκαλίωνος
1143 680 1215 739 ἦν’.
1277 689 1448 729 Perinde
1486 694 1603 742 atque
1643 690 1710 730 hic
1738 691 1810 730 Ze-

382 760 493 800 nobii
524 763 722 798 auctorem
740 759 835 809 1(Η)
867 758 1066 809 compilat.

495 828 624 867 Schol.
657 841 694 877 p.
719 827 796 865 378
820 828 863 865 Β.
894 827 1036 864 meiius
1069 840 1185 878 quam
1215 827 1359 865 Zenob.
1382 827 1438 874 Π,
1464 829 1513 865 14
1529 828 1626 879 102)
1648 827 1707 878 (M
1726 828 1806 875 ΙΙΙ,

381 891 459 947 κοί)
488 897 535 934 de
566 909 678 947 prov.
711 896 815 947 quod
845 896 1047 933 ferebatur
1079 889 1233 950 “Alanis
1264 892 1419 946 πληγεὶς
1450 896 1546 933 νοῦν
1577 890 1700 943 οἰ’σει’,
1739 896 1808 934 sed

383 966 518 1004 eadem
547 964 700 1002 ratione
733 964 826 1012 agit.

495 1033 625 1070 Multa
656 1032 757 1070 scitu
787 1032 979 1082 perdigna
1010 1046 1145 1070 rursus
1178 1033 1283 1070 squs
1314 1031 1427 1070 nobis
1457 1031 1581 1070 tradit
1605 1032 1734 1070 Sohol.
1765 1031 1807 1069 in

382 1102 633 1139 Phaedonem
663 1115 701 1151 p.
726 1104 806 1138 380
839 1101 886 1138 de
918 1114 1030 1150 prov.
1063 1096 1176 1155 ‘0663
1197 1093 1388 1149 Ἡρακλῆς
1411 1095 1512 1150 πρός
1542 1094 1627 1137 6150'
1655 1099 1808 1150 triplici

380 1170 533 1209 ratione
565 1169 759 1219 exposito,
792 1172 829 1206 et
860 1168 901 1205 id
933 1169 1036 1219 quod
1068 1167 1185 1206 etiam
1206 1167 1365 1206 maioris
1389 1171 1448 1205 est
1467 1167 1669 1215 momenti,
1698 1170 1807 1206 recto

382 1238 518 1277 ordine
550 1237 775 1284 constituta,
808 1237 900 1274 dum
921 1237 1065 1274 Zenob.
1086 1236 1132 1282 V,
1156 1239 1207 1273 49
1239 1235 1376 1286 (etiam
1404 1235 1565 1274 breuius
1586 1235 1688 1273 Mill.
1707 1236 1741 1283 I,
1764 1229 1807 1285 ε’)

382 1307 477 1345 duas
520 1319 653 1344 causas
684 1305 786 1342 male
829 1303 1047 1342 confundit.
1107 1303 1294 1341 Traditur
1332 1303 1437 1341 enim
1467 1318 1489 1341 a
1520 1303 1732 1341 scholiasta
1764 1303 1808 1340 in

380 1375 535 1413 uarium
564 1374 724 1411 modum
756 1386 867 1423 prov.
900 1372 1093 1420 originem
1123 1371 1288 1419 narrari,
1320 1375 1388 1409 aut
1419 1371 1510 1423 quia
1540 1371 1734 1410 Hercules
1763 1371 1807 1409 in

382 1442 595 1481 certamine
618 1441 849 1493 Olympiaco
882 1443 929 1479 ab
960 1441 1046 1490 ipso
1078 1440 1261 1478 instituto
1287 1440 1466 1478 deuictus
1489 1453 1573 1478 esse
1593 1439 1740 1478 dieitur
1759 1441 1807 1478 ab

380 1512 495 1550 Elate
517 1511 547 1561 (?
571 1505 701 1548 Λάϊο
716 1524 734 1554 ς
766 1523 900 1548 omnes
933 1510 1042 1547 codd.
1064 1510 1209 1547 Zenob.
1233 1509 1416 1553 Ελαῖος
1447 1509 1556 1546 codd.
1577 1508 1680 1546 Plat.
1701 1508 1732 1545 B
1755 1504 1806 1558 Ξ)

382 1583 421 1617 et
459 1579 689 1618 Pherandro
731 1578 952 1628 (hucusque
992 1577 1144 1627 recepit
1177 1576 1373 1615 Zenobius
1418 1576 1565 1626 omnia)
1607 1579 1676 1614 aut
1716 1574 1808 1627 quia

384 1651 542 1686 auctore
563 1646 858 1696 thephyssida
878 1646 1071 1683 Hercules
1094 1659 1116 1682 a
1136 1644 1390 1691 Moiionibus‚
1421 1645 1574 1695 Euryto
1597 1648 1637 1682 et
1657 1644 1807 1690 meato,

385 1729 472 1753 cum
492 1718 654 1763 Augeae
680 1715 829 1752 bellum
858 1713 1072 1760 intulisset,
1103 1713 1260 1761 fugatus
1284 1716 1386 1750 erat:
1418 1714 1520 1750 hano
1540 1711 1808 1749 narrationem

382 1783 578 1822 Zenobius
619 1783 717 1821 falso
749 1783 797 1820 ad
837 1782 967 1833 ipsum
1006 1781 1107 1820 illud
1139 1785 1335 1820 certamen
1367 1780 1643 1831 Olympiacum
1681 1781 1808 1817 rettu-

382 1851 552 1901 1112102).

474 1950 531 1993 99)
554 1952 631 1982 huic
663 1952 749 1982 enim
783 1951 928 1981 fabulam
954 1951 1052 1982 Codri
1088 1951 1198 1981 deberi
1223 1952 1389 1989 profitetur
1414 1950 1551 1981 Photius
1575 1951 1634 1988 (=
1651 1949 1754 1987 Suid.‚
1779 1949 1808 1980 si

385 2019 502 2040 nomen
527 2007 668 2039 auctoris
694 2002 876 2049 Εὔδημος,
910 2007 1001 2038 cuius
1034 2009 1137 2038 altera
1161 2008 1289 2038 demum
1323 2011 1371 2039 est
1396 2008 1549 2045 narratio,
1575 2005 1807 2037 correxerimus

384 2067 417 2097 in
445 2063 568 2107 Δήμων
592 2065 646 2095 uel
671 2061 688 2097 ὁ
714 2063 864 2105 Δήμων).

478 2120 553 2164 100)
578 2122 655 2160 quia
679 2121 750 2151 cod.
776 2121 803 2149 B
828 2121 910 2151 forte
935 2130 994 2152 nos
1020 2121 1144 2158 deficit,
1180 2120 1322 2151 discerni
1347 2130 1411 2150 non
1436 2123 1560 2159 potest,
1596 2122 1703 2149 utrum
1726 2119 1806 2149 haec

384 2183 461 2210 nota
496 2188 512 2209 e
537 2178 644 2217 prisco
669 2177 873 2216 Diogeniano
906 2178 1032 2208 fluxerit
1066 2188 1107 2208 an
1143 2187 1180 2208 ex
1214 2177 1389 2216 archetypo
1415 2177 1507 2207 codd.
1533 2176 1589 2205 BP
1613 2179 1645 2206 et
1667 2175 1806 2214 Diogen.

385 2236 558 2266 communi.

477 2293 555 2330 101)
578 2291 724 2322 Refutari
749 2301 813 2321 non
838 2300 918 2329 opus
944 2293 992 2321 est
1016 2291 1186 2321 Mettaueri
1211 2289 1257 2331 (p.
1276 2288 1332 2331 41)
1358 2289 1555 2328 opinionem,
1581 2299 1618 2320 ex
1643 2288 1806 2319 Hellanici

384 2348 486 2387 ipsius
511 2348 605 2379 libris
631 2348 785 2378 Scholion
809 2348 939 2377 Platoni
964 2348 1165 2387 adscriptum
1189 2356 1268 2378 esse.

478 2406 556 2443 102)
581 2405 666 2435 Hinc
690 2405 806 2435 Suidas
830 2405 951 2444 pendet
974 2415 998 2435 s.
1016 2414 1046 2433 v.
1070 2399 1211 2440 <Αλιεύς.
1250 2403 1413 2434 Eustathii
1438 2403 1540 2433 uerba
1565 2404 1610 2441 (p.
1630 2403 1727 2440 1093,
1748 2403 1805 2442 22)

385 2470 450 2490 non
473 2462 520 2490 nil
545 2461 699 2491 adtinent.

479 2517 556 2558 103)
582 2517 699 2549 Suidas
725 2513 832 2550 Οὐδὲν
856 2513 1033 2558 εΗρακλῆς
1067 2514 1150 2557 πρὸς
1174 2514 1234 2550 δύο
1268 2527 1284 2547 e
1309 2517 1396 2546 fonte
1430 2516 1523 2547 codd.
1550 2517 1609 2546 BV
1643 2514 1806 2546 communi

386 2573 511 2607 hausit,
539 2583 563 2603 s.
582 2584 613 2603 v.
639 2572 729 2607 Ουδὲ
753 2572 798 2605 Η.
825 2570 908 2614 πρὸς
932 2571 992 2606 δύο
1008 2588 1052 2600 =
1069 2574 1220 2611 photius,
1257 2584 1273 2604 e
1297 2574 1385 2603 fonte
1410 2573 1536 2610 hausit,
1571 2572 1625 2610 qui
1649 2575 1734 2602 reete
1758 2570 1805 2600 di—

386 2630 498 2660 stinxit
515 2631 595 2661 duas
614 2631 762 2667 fabellas,
781 2631 900 2669 pendet
916 2631 1014 2669 igitur
1031 2641 1047 2661 e
1060 2630 1196 2660 Zenobii
1214 2634 1355 2668 auetore,
1375 2630 1512 2660 fortasse
1528 2638 1586 2668 per
1597 2627 1805 2658 Pausaniam.

386 2687 525 2725 Diogen.
552 2696 678 2726 quoque
702 2688 783 2725 Vn,
813 2688 830 2716 2
857 2690 942 2717 recte
969 2688 1104 2718 alteram
1129 2697 1221 2726 prov.
1247 2687 1496 2726 explicationem
1520 2683 1805 2726 (Echephyllidae)

386 2743 503 2774 tradit!
