1951 3203
182 301 281 340 ditas
313 301 359 339 de
391 313 458 339 suo
491 303 649 348 augeat,
682 304 885 349 expungat
918 312 1017 350 quae
1049 299 1266 348 superflua,
1298 298 1415 336 addat
1445 311 1495 335 ex
1526 296 1612 334 aliis

180 369 355 407 fontibus
396 381 495 420 quae
537 368 682 405 iniuria
726 368 883 406 silentio
927 367 1202 417 praetermissa
1243 367 1440 404 uidentur.
1499 366 1609 403 Haec

181 437 285 485 finge
316 437 389 475 tibi
420 449 497 474 non
530 449 599 485 per
629 449 749 473 unum
773 437 839 475 sed
862 436 1081 484 complures
1104 435 1288 484 deinceps
1307 434 1489 472 librarios
1511 433 1608 479 fieri,

181 507 298 555 atque
329 504 562 542 intellexisti
594 508 773 542 naturam
806 505 982 543 codicum
1005 503 1320 541 Zenobianorum
1350 502 1467 540 huius
1497 502 1609 539 fami-

178 571 254 609 liae
285 572 556 621 interpolatae.

294 639 381 678 Hoc
412 640 516 677 enim
548 644 638 678 ante
671 640 801 677 omnia
831 641 1044 678 tenendum
1072 642 1141 685 est,
1173 639 1240 676 uni
1272 639 1444 676 familiae
1476 651 1610 676 omnes

181 707 371 745 eiusmodi
404 708 555 746 codices
587 708 816 746 tribuendos
847 721 943 746 esse.
1006 707 1221 744 Discedunt
1260 707 1416 758 quidem
1460 707 1611 744 codices

180 775 322 813 iterum
354 776 395 812 in
427 777 520 813 duas
551 779 703 825 partes:
746 777 793 813 ab
825 776 947 813 altera
978 778 1083 813 stant
1114 775 1258 821 codex,
1302 787 1378 824 quo
1411 778 1612 812 exstructa

182 847 266 881 erat
303 843 422 882 editio
464 844 695 882 Florentina
733 844 852 893 (apud
884 845 1039 881 Iuntam
1076 843 1199 892 1497)
1239 848 1320 880 tum
1360 841 1609 891 P.(arisinus)

185 909 317 948 3070b
349 916 387 950 et
419 911 701 961 H.(arleianus)
736 915 863 958 5663,
907 925 1004 963 quos
1046 911 1253 949 cohaerere
1285 910 1493 948 artissimis
1523 911 1609 947 uin-

183 979 280 1016 culis
311 979 499 1018 euincunt
529 980 857 1028 interpolationes
887 992 937 1016 ex
971 979 1199 1028 Apollodori
1232 978 1471 1016 bibliotheca
1507 979 1611 1016 aliis-

184 1060 259 1097 que
299 1047 410 1085 libris
449 1049 618 1097 turpiter
655 1048 883 1085 inculcatae.
946 1048 1006 1084 Ab
1038 1047 1160 1084 altera
1199 1050 1309 1096 parte
1351 1049 1456 1085 stant
1487 1048 1610 1084 codex

181 1113 475 1166 B.(odleianus)‚
508 1116 747 1165 supplendus
776 1115 973 1153 interdum
998 1128 1017 1152 e
1046 1116 1127 1152 cod.
1152 1117 1184 1150 A
1217 1113 1445 1163 (Parisiensi
1473 1115 1610 1164 1773),

182 1186 222 1222 et
252 1184 509 1234 V(aticanus)‚
541 1184 691 1222 codices
723 1197 745 1221 a
776 1183 980 1221 Gaisfordo
1013 1182 1300 1231 descripti23);
1333 1196 1497 1233 quorum
1530 1196 1610 1220 ma-

181 1252 328 1289 ximam
366 1257 516 1301 partem
548 1256 725 1290 constare
758 1265 777 1289 e
810 1264 919 1300 prov.
951 1250 1187 1288 Zenobianis
1220 1263 1354 1288 omnes
1385 1250 1611 1288 iamdudum

183 1324 470 1358 concesserunt.
533 1320 646 1360 Quod
678 1324 807 1358 autem
850 1320 890 1356 in
921 1322 1150 1356 uniuersum
1183 1319 1249 1370 qui
1283 1319 1410 1356 obiter
1442 1323 1610 1357 tantum-

182 1389 296 1425 modo
346 1391 556 1440 utrumque
603 1389 879 1426 collectionum
933 1401 1056 1436 genus
1102 1387 1405 1436 comparaoerit,
1454 1388 1611 1435 iudicet,

183 1455 473 1496 Schneidewini
505 1457 626 1494 uerba
662 1456 838 1494 indicent
877 1455 929 1505 (p.
953 1455 1113 1505 XXX):
1155 1455 1274 1502 „Cum
1306 1455 1542 1494 Zenobianis
1573 1460 1612 1495 et

183 1524 441 1572 Diogenianis
477 1524 696 1574 prouerbiis
738 1528 821 1562 arta
857 1524 1067 1561 intercedit
1099 1523 1279 1572 cognatio
1313 1523 1611 1562 collectionibus

184 1605 236 1629 ex
266 1593 347 1630 cod.
371 1593 559 1631 Vaticano
592 1605 613 1629 a
643 1592 817 1639 schotto,
851 1605 900 1629 ex
928 1591 1141 1629 Bodleiano
1168 1591 1427 1642 Parisinoque
1459 1605 1481 1628 a
1503 1592 1611 1630 Gais—

183 1661 294 1698 fordo
316 1661 498 1709 uulgatis.
561 1660 735 1700 Quorum
762 1673 847 1698 cum
870 1660 1041 1697 Zenobio
1074 1659 1243 1696 maxime
1275 1662 1407 1697 tantus
1438 1659 1611 1708 plerum-

186 1742 261 1781 que
303 1733 362 1768 est
402 1743 631 1775 consensus,
678 1732 721 1767 ut
752 1728 960 1777 gemellum
992 1727 1206 1764 Zenobium
1248 1731 1285 1764 te
1323 1727 1455 1776 legere
1494 1728 1611 1767 iures.

185 1797 285 1835 Sunt
316 1798 419 1835 enim
450 1799 570 1835 uerba
601 1798 881 1846 propemodum
915 1797 1060 1842 eadem,
1092 1795 1167 1833 nisi
1193 1796 1295 1846 quod
1320 1796 1448 1833 solent
1471 1796 1613 1835 leuiter

188 1865 388 1903 dissonare
419 1866 483 1903 uel
514 1866 735 1903 accessione
767 1865 918 1916 aliquot
948 1865 1156 1901 uerborum
1188 1863 1252 1900 uel
1284 1864 1523 1901 detractione
1543 1865 1612 1901 Ze-

467 1936 487 1952 “
547 1934 791 1970 Exstruxere
822 1932 944 1980 igitur
975 1932 1143 1969 editores
1173 1931 1336 1969 Zenobii
1366 1932 1527 1979 librum,
1569 1936 1613 1970 ut

189 1933 461 1970 nobianorum.

186 2000 278 2037 inde
307 2013 329 2037 a
359 2001 485 2049 prima
515 2001 687 2038 editione
717 2000 874 2038 solitum
907 2004 1009 2046 erat,
1050 2000 1092 2036 in
1122 1999 1322 2037 codicibus
1362 1999 1504 2048 prioris
1544 2013 1611 2048 ge-

186 2068 302 2114 neris,
334 2081 383 2106 sc.
408 2070 516 2106 codd.
539 2069 696 2115 P.H.F.‚
730 2069 995 2106 additamenta
1026 2072 1156 2105 autem
1188 2071 1404 2105 ceterorum
1435 2067 1611 2106 codicum

188 2136 258 2173 sub
297 2136 471 2184 margine
510 2137 777 2174 adiunxerunt
815 2141 882 2174 aut
919 2136 960 2173 in
1002 2135 1269 2185 Appendicem
1309 2135 1613 2173 Prouerbiorum

186 2204 500 2242 recondiderunt.
568 2205 643 2242 Sed
684 2206 758 2242 hoo
799 2205 911 2242 modo
954 2204 1054 2241 nihil
1094 2204 1311 2252 profectum
1352 2217 1435 2241 esse
1475 2204 1612 2243 elucet.

189 2270 434 2309 Contrarium
473 2273 605 2322 potius
635 2272 870 2322 postulabit,
913 2273 979 2323 qui
1012 2272 1320 2310 considerauerit
1350 2271 1479 2309 omnia
1510 2272 1612 2309 codi-

189 2350 272 2375 cum
315 2340 459 2378 P.H.F.
491 2341 573 2379 fere
614 2341 797 2379 lemmata
837 2344 992 2390 praeter
1031 2353 1092 2377 res
1133 2339 1297 2377 absurde
1334 2339 1532 2378 immixtas
1570 2339 1613 2376 in

190 2406 273 2443 cod.
295 2407 362 2444 BV
392 2409 554 2457 reperiri
587 2413 626 2447 et
655 2408 969 2457 interrogauerit,
1002 2421 1078 2459 qua
1109 2408 1155 2445 de
1187 2420 1302 2445 causa
1333 2411 1462 2445 cetera
1492 2420 1514 2445 a
1544 2408 1612 2444 BV

189 2473 341 2522 prolata
370 2476 646 2515 addubitentur
676 2477 717 2513 in
748 2477 911 2527 locaque
943 2478 1121 2525 separata
1150 2475 1372 2521 reiciantur,
1405 2475 1481 2513 nisi
1514 2488 1612 2526 quae

190 2552 210 2577 e
241 2541 488 2590 Diogeniano
528 2557 611 2581 esse
649 2545 789 2582 hausta
829 2548 946 2593 patet.
1008 2543 1105 2583 Quis
1141 2546 1199 2580 est
1230 2543 1325 2594 quin
1356 2544 1542 2582 concedat
1570 2544 1613 2581 in

190 2610 417 2661 enarrandis
457 2610 621 2659 singulis
659 2612 878 2660 prouerbiis
919 2612 1070 2649 codices
1102 2611 1168 2647 BV
1200 2611 1321 2648 multo
1354 2611 1543 2660 ampliora
1574 2615 1614 2650 et

190 2676 357 2714 rectiora
386 2679 574 2727 praebere
606 2691 722 2730 quam
751 2680 903 2717 codices
934 2679 1163 2716 deterrimos
1193 2677 1317 2716 P.H.?
1378 2678 1475 2718 Quis
1505 2679 1611 2716 illam

284 2768 340 2805 23)
365 2768 472 2806 Ipsam
497 2768 661 2799 Gaisfordi
686 2769 859 2800 editionem
884 2768 1027 2801 nancisci
1052 2778 1117 2800 non
1139 2769 1250 2808 potui,
1289 2769 1441 2806 quoniam
1466 2769 1556 2798 deest
1579 2769 1611 2798 in

191 2819 388 2855 bibliotheca
411 2825 553 2856 academ.
581 2824 706 2866 Gryph.
