1951 3203
941 165 1221 211 ,50-

369 276 408 310 et
429 273 465 309 K
488 271 529 309 in
553 273 655 320 App.
678 270 722 318 V,
749 275 769 308 5
805 267 1046 322 περιστροφή
1066 290 1122 304 =
1142 271 1344 322 Hesych.).
1376 294 1430 299 —-
1461 272 1628 311 Photius
1651 272 1791 324 (Suid.)

368 344 407 378 et
437 339 659 389 Hesychius
691 339 738 376 ab
771 339 906 377 eodem
937 344 1095 378 auctore
1126 341 1310 389 pendent,
1346 343 1508 390 propter
1538 339 1710 379 eiusdem
1741 341 1792 379 si-

369 408 574 457 gnificatus
606 406 815 455 prouerbia
847 420 946 458 quae
976 411 1143 459 uterque
1172 408 1301 446 adicit.

480 475 629 523 Pagina
660 475 737 511 367
771 474 1015 512 Scholiorum
1047 475 1105 525 (in
1129 475 1355 526 Menonem)
1386 475 1538 513 Platon.
1560 477 1590 512 B
1622 476 1790 524 legimus

370 545 417 580 de
449 543 620 580 Daedalo
659 542 724 593 (cf.
766 542 900 580 scholl.
941 543 982 580 in
1023 544 1348 594 Euthyphronem
1379 558 1416 594 p.
1445 548 1523 581 328
1555 544 1603 594 Ξῖ)
1642 545 1786 592 eadem,

370 612 440 649 etsi
464 624 543 648 non
564 624 674 660 prov.
698 611 919 648 illustrandi
943 624 1057 649 causa
1078 612 1341 661 proferuntur,
1363 615 1480 664 atque
1500 612 1542 649 in
1561 613 1652 650 Zen.
1671 613 1744 660 ΠΙ,
1766 613 1787 650 7

366 680 509 718 tradita
540 683 647 725 sunt,
690 679 731 715 in
762 679 824 716 BC
855 680 1047 726 breuiter,
1091 680 1133 716 in
1164 681 1204 716 M
1227 680 1256 716 Ι.
1280 674 1329 716 ιδ’
1360 680 1546 730 amplius,
1578 680 1791 719 adcuratis-

368 749 464 785 sime
493 748 534 784 in
566 748 608 793 P,
642 748 875 797 quibuscum
907 751 1011 785 arcte
1043 748 1226 785 cohaeret
1256 747 1412 795 Suidas,
1446 749 1535 786 dum
1568 748 1792 799 Hesychius

368 816 481 853 aliam
513 815 736 864 explicandi
767 816 959 853 rationem
993 816 1181 866 sequitur.

481 883 554 921 Sed
593 883 773 932 proxima
811 887 945 932 aperte
986 884 1234 931 cognoscitur
1273 884 1454 921 adfinitas
1483 884 1586 923 inter
1616 884 1792 922 scholion

367 952 408 989 in
441 952 728 1001 Euthydemum
761 965 796 1000 p.
822 955 900 988 368
920 952 950 988 B
991 947 1102 1007 ιΔιός
1138 947 1338 1001 Κόρινθος
1379 949 1444 989 ἐπὶ
1483 953 1561 989 τῶν
1592 947 1690 1003 ὂὲγαν
1723 949 1793 1002 μὲν

371 1014 782 1069 ὖπερσεμνυνομὲνωυ,
811 1019 940 1064 κακῶς
963 1016 1003 1056 δὲ
1028 1017 1093 1056 καὶ
1116 1021 1299 1069 πονηρῶς
1322 1015 1645 1058 ἄπαλλαττόντων
1663 1034 1695 1058 e.
1712 1035 1747 1073 q.
1763 1033 1791 1058 s.

368 1087 571 1138 (Demonis
608 1092 700 1125 sunt
737 1089 833 1125 haec
873 1088 916 1125 cl.
950 1089 1068 1126 schol.
1103 1088 1216 1125 Pind.
1249 1089 1359 1126 Nem.
1386 1089 1463 1126 VII
1488 1089 1572 1139 fin.)
1612 1083 1720 1126 ἄλλοι
1751 1085 1792 1126 δὲ

369 1153 432 1194 ἐπὶ
456 1157 532 1192 τῶν
557 1149 614 1192 ἐπ’
638 1151 771 1192 οὐδενὶ
797 1153 889 1192 τέλει
914 1151 1182 1192 ἀπειλούντων
1207 1153 1328 1202 φασὶν
1351 1154 1536 1206 εἰρῆσθαι
1561 1152 1631 1205 τήν
1655 1171 1792 1206 παροι-

369 1224 460 1272 μίαν
482 1253 489 1260 .
510 1252 516 1259 .
536 1253 541 1260 .
568 1237 599 1261 e.
618 1237 653 1274 q.
673 1237 701 1260 s.
723 1228 762 1261 et
785 1223 881 1260 Mill.
905 1225 933 1269 I,
957 1218 1013 1272 ξς’
1046 1224 1109 1275 qui
1134 1228 1340 1274 utramque
1363 1224 1666 1273 explicationem
1699 1225 1791 1263 lieet

367 1293 526 1330 breuius
558 1296 675 1343 atque
707 1292 841 1329 ordine
873 1293 1030 1329 inuerso
1064 1292 1245 1339 exhibet,
1289 1305 1412 1343 aeque
1445 1305 1487 1330 ac
1518 1292 1638 1330 tradit
1667 1293 1791 1330 Zeno-

370 1360 457 1398 bius
487 1360 578 1409 (ΠΙ,
604 1361 671 1408 21)
704 1359 915 1408 noste-1:94)
948 1360 1207 1409 interpolatus
1238 1360 1383 1398 Milleri
1414 1360 1595 1409 priorem,
1627 1361 1791 1399 scholia·

368 1433 448 1467 stae
479 1428 639 1466 alteram
671 1428 922 1475 solummodo,
956 1429 1029 1465 nisi
1054 1429 1157 1479 quod
1181 1429 1226 1465 de
1250 1442 1317 1465 suo
1342 1433 1466 1467 mutat
1488 1428 1790 1478 explicationem

368 1497 423 1535 ita
461 1493 535 1551 ιἐπὶ
567 1497 644 1533 τῶν
676 1492 720 1532 τά
753 1492 852 1533 αὐτοὶ
892 1492 1082 1546 λεγόντων
1120 1494 1185 1533 καὶ
1227 1492 1478 1546 πραττόντων
1518 1497 1601 1535 siue
1630 1497 1672 1534 in
1702 1497 1790 1535 BV:

369 1562 430 1602 ἐπὶ
466 1565 541 1601 τῶν
573 1560 618 1600 τοὶ
650 1560 750 1600 αὐτοὶ
783 1560 969 1609 πολλάκις
1000 1559 1327 1601 ἆιάκυκλούυτων
1358 1564 1398 1613 (i.
1417 1577 1448 1602 e.
1476 1565 1621 1603 frustra
1640 1564 1791 1602 minan-

366 1632 578 1682 tium)‘³⁵).
610 1655 663 1659 —-
706 1633 763 1669 De
796 1632 927 1669 Photii
971 1634 1040 1681 (=
1071 1632 1208 1669 Suidas
1239 1627 1272 1687 ιὁ
1305 1627 1402 1675 Διός
1436 1626 1515 1682 Κ.’)
1554 1632 1686 1670 uerbis
1716 1629 1791 1688 ‘gni

367 1701 444 1737 τῶν
475 1696 595 1737 πάλαι
627 1696 695 1748 μὲν
727 1695 1081 1750 εὖπραγησάντων,
1126 1695 1290 1749 ὕστερον
1321 1693 1354 1736 δ’
1385 1695 1432 1736 οὐ
1465 1700 1593 1743 καλῶς
1623 1695 1793 1737 ἀπαλλα-

368 1762 527 1814 ξάντων’
567 1769 829 1814 Mettauerus,
873 1768 939 1818 qui
982 1767 1055 1804 nisi
1097 1772 1232 1805 contra
1263 1768 1518 1805 Leutschium
1550 1767 1791 1805 adfinitatem

367 1837 472 1874 inter
511 1836 653 1873 Scholl.
696 1840 733 1873 et
772 1836 1016 1872 Zenobianos
1060 1836 1167 1873 codd.
1208 1835 1450 1873 intercedere
1491 1835 1591 1872 nihil
1633 1836 1791 1873 omnino

368 1904 548 1942 euincere
580 1904 729 1949 studet,
761 1903 815 1940 nil
847 1904 1018 1952 profert:
1061 1908 1099 1941 at
1131 1903 1382 1941 manifestum
1415 1907 1493 1950 est,
1535 1904 1635 1941 hanc
1666 1903 1792 1953 expli-

368 1972 559 2010 cationem
591 1972 796 2009 concinere
828 1985 914 2009 oum
944 1971 1090 2009 Scholii
1121 1972 1261 2020 priore,
1295 1971 1335 2008 M
1368 1971 1512 2009 codicis
1543 1971 1677 2009 altera.

480 2040 606 2077 Schol.
640 2040 738 2077 Plat.
779 2040 819 2076 in
862 2039 1061 2088 Cratylum
1093 2053 1128 2088 p.
1154 2041 1232 2076 370
1255 2040 1286 2075 B
1328 2033 1436 2094 (ὑπὲρ
1476 2034 1523 2075 τοὶ
1564 2037 1785 2088 ἐσκαμμένα

372 2101 514 2160 πηδᾷς)
558 2109 596 2144 in
643 2109 724 2145 cod.
773 2108 943 2144 Bekkeri
990 2108 1101 2145 aliter
1146 2107 1366 2155 explicatur
1411 2112 1528 2157 atque
1577 2107 1619 2144 in
1664 2108 1694 2147 91
1733 2125 1790 2139 =

371 2175 661 2224 O(Hermanni)
702 2176 748 2212 ad
781 2175 978 2223 Cratylum
1011 2178 1089 2212 413
1110 2177 1153 2211 A.
1215 2174 1363 2211 Multus
1395 2179 1453 2211 est
1484 2174 1707 2222 scholiasta,
1748 2175 1792 2212 in

371 2257 414 2281 ea
444 2248 595 2282 tantum
628 2257 667 2281 re
699 2257 720 2280 a
750 2244 838 2280 Zen.
862 2244 931 2289 VI,
966 2247 1014 2280 23
1059 2244 1130 2293 (Ξ
1161 2244 1199 2279 M
1221 2243 1275 2288 Π,
1301 2238 1377 2288 οό’;
1420 2243 1641 2280 adcuratius
1673 2243 1788 2280 etiam

372 2314 478 2349 codd.
503 2313 569 2349 BV
602 2313 778 2363 quinque
808 2311 897 2349 illos
928 2316 1084 2360 praeter
1115 2311 1402 2363 quinquaginta
1442 2312 1560 2359 pedes
1591 2314 1697 2348 recte
1727 2311 1791 2347 ad-

372 2379 483 2429 dunt)
530 2381 732 2426 differens,
780 2384 823 2418 ut
865 2381 910 2416 de
952 2380 1056 2417 disco
1105 2379 1259 2417 omittat
1305 2380 1516 2430 quidquam
1558 2391 1790 2416 commemo-

461 2471 516 2507 94)
552 2470 666 2499 Suidas
699 2471 849 2500 conuenit
873 2480 896 2499 s.
916 2480 948 2500 v,
976 2466 1054 2505 Διὸς
1080 2468 1159 2509 Κορ,
1197 2479 1268 2498 eum
1295 2470 1384 2499 codd.
1412 2469 1479 2498 BV.
1506 2486 1549 2490 —
1585 2468 1716 2498 Scholia
1750 2468 1790 2498 ad

370 2525 468 2554 Arist.
495 2526 574 2555 Ran.
601 2527 665 2556 439
692 2527 788 2556 Dind,
818 2530 968 2564 quattuor
992 2527 1227 2564 interpretandi
1251 2527 1393 2556 rationes
1418 2526 1626 2564 perlustrant,
1653 2533 1789 2562 quarum

371 2581 476 2619 prima
508 2584 681 2620 respondet
715 2584 838 2613 scholio
874 2583 986 2619 alteri,
1022 2583 1118 2613 tertia
1151 2583 1269 2621 priori,
1308 2583 1449 2613 secunda
1473 2592 1489 2612 e
1514 2582 1654 2611 PIndaro
1680 2579 1790 2623 (etiam

372 2637 499 2667 Scholio
534 2639 597 2668 fine
631 2639 752 2680 addito)
789 2641 905 2670 hausta.
938 2643 1006 2679 est3
1045 2642 1160 2676 quarta
1194 2649 1310 2669 nouam
1346 2640 1385 2669 de
1420 2638 1610 2677 Corcyraeis
1646 2637 1790 2668 fabulam

371 2697 490 2724 narrat.

462 2752 519 2790 95)
544 2760 625 2789 quae
650 2756 835 2791 sequuntur,
862 2763 901 2783 ex
926 2754 1039 2784 eadem
1062 2753 1220 2783 Demonis
1243 2752 1412 2783 historiola
1434 2752 1604 2781 fluxerunt.
