1951 3203
733 183 1055 243 -17--v

164 288 377 338 scriptione
413 288 516 324 hanc
555 286 658 323 uiam
701 287 914 326 obruerint.
975 288 1114 338 Itaque
1145 297 1286 324 nouam
1318 285 1473 330 subib03
1517 286 1585 323 sed

163 357 254 408 quia
276 356 455 394 omnibus
484 355 696 403 nongentis
727 355 948 405 prouerbiis
980 368 1050 392 nec
1081 355 1188 392 locus
1220 366 1292 392 neo
1322 356 1477 403 tempus
1501 353 1584 390 dari

159 424 316 475 poterit,
347 423 480 472 paruis
506 426 657 461 tantum
690 424 867 473 partibus
897 424 1110 462 tractandis
1142 425 1350 461 contentus
1381 435 1466 469 ero,
1499 435 1585 460 cum

161 492 390 542 praesertim
421 491 497 528 iam
529 491 622 529 hinc
653 503 714 529 res
746 492 862 541 plane
895 495 1161 540 cognoscatur.
1222 491 1428 528 Conferam
1466 490 1587 538 igitur

160 561 241 599 cod.
264 561 294 597 B
326 564 366 598 et
396 572 482 597 cum
514 560 543 596 P
576 563 616 597 et
646 573 731 597 cum
762 560 1009 609 Diogeniano
1041 560 1227 611 typisque
1260 558 1488 608 significabo
1521 560 1588 596 aut

158 630 240 667 cod.
272 629 303 666 P
339 632 407 666 aut
442 627 578 676 Diog.‚
625 641 860 680 quocunque
900 629 1015 667 lectio
1055 628 1198 666 codicis
1230 627 1259 664 B
1298 627 1480 671 inclinat3
1523 625 1588 662 ad-

157 698 315 745 iungam
347 695 470 734 codici
503 696 532 732 P
566 696 710 734 codicis
742 698 783 734 M
815 697 931 744 locos,
964 700 1218 748 quotcunque
1250 695 1517 740 obuertentur,
1549 696 1588 731 et

157 765 426 814 Diogeniano,
459 777 509 802 so.
542 764 577 801 ei
610 765 677 815 qui
708 765 749 802 in
781 765 910 815 priore
943 765 1126 815 Corporis
1155 763 1232 803 vol.
1266 766 1394 809 extat,
1427 761 1587 800 alterius

157 834 238 872 cod.
261 833 430 871 Vindob.
461 831 577 879 locos,
611 833 677 884 qui
709 846 780 871 nos
811 833 1056 885 aliquantum
1088 833 1302 871 iuuabunt:

450 911 527 941 Zen.
995 936 1001 942 .
1332 910 1410 940 Dio·
1474 908 1569 946 Diog.

210 958 279 988 cod.
297 958 329 987 M
431 957 500 986 eod.
514 957 540 986 P
782 935 860 966 COd'
886 936 1095 966 BOdlelanus'
1332 965 1404 994 gen.
1465 954 1532 984 cod.
1544 953 1572 982 V

224 1017 249 1053 Ι,
275 1010 319 1052 ξε’
449 1013 473 1050 Ι,
500 1011 518 1048 1
638 1017 664 1044 l.
687 1010 873 1059 Ἀβυδηνὸν
891 1012 1085 1057 ἐπιφόρημα
1332 1012 1357 1049 I⁷
1385 1014 1399 1041 1
1482 1012 1505 1048 Ι,
1536 1013 1548 1040 l

486 1067 509 1105 4
636 1073 665 1102 2.
683 1065 858 1114 ’Ἅβρωνος
883 1070 954 1115 βίος
1371 1070 1389 1098 2
1521 1069 1538 1097 2

489 1129 507 1157 5
635 1129 665 1157 3.
689 1122 813 1169 Ἀγορὰ
839 1126 1034 1169 Κερκώπων
1373 1125 1391 1154 3
1520 1124 1538 1153 3

468 1184 506 1214 12
634 1185 663 1213 4.
691 1179 825 1226 Ἀγαῧῆ
851 1184 908 1216 καὶ
934 1184 1025 1225 μᾶζα
1051 1179 1121 1226 μετ’
1146 1176 1252 1224 ἄρτον.
1303 1183 1321 1211 4
1341 1180 1436 1223 (—{-5)
1518 1182 1538 1210 4

466 1241 505 1269 13
637 1242 666 1271 5.
691 1238 938 1283 Ἀγαμέμνονος
963 1239 1130 1282 Quotam)
1374 1240 1391 1269 6
1520 1239 1538 1266 5

487 1295 508 1332 (i
636 1298 663 1326 6.
690 1293 953 1340 Ἀγαμέμνονεια
970 1296 1100 1340 φρέατα

488 1357 506 1384 2
637 1355 664 1384 7.
690 1350 914 1396 Ἀγαξῒώνειος
939 1349 1082 1395 αὔλησις
1374 1352 1390 1380 7
1520 1353 1538 1380 6

488 1408 507 1446 7
636 1411 665 1440 8.
690 1406 893 1452 Ἀγέλαστος
916 1409 1028 1452 πέτρα.
1373 1409 1392 1436 8
1521 1409 1538 1438 7

390 1481 392 1491 ⁴
637 1469 666 1497 9.
692 1463 875 1509 Ἀγραφίου
901 1466 980 1509 δίκη

390 1548 393 1567 x
618 1525 668 1554 10.
693 1521 825 1566 Ἀγαθὰ
853 1522 997 1557 Κιλίκων
1375 1523 1393 1551 9

617 1583 668 1611 11.
694 1576 849 1622 Ἀγαζῖῶν
875 1578 1032 1613 θάλασσα
1355 1608 1395 1636 10
1525 1610 1543 1638 8

467 1694 485 1731 1
617 1697 668 1725 13.
693 1690 834 1736 Ἀγαῧοὶ
858 1689 888 1727 δ’
911 1690 1114 1735 οἶριδάκρυες
1140 1718 1146 1724 .
1176 1718 1180 1722 .
1210 1718 1215 1722 .
1244 1716 1249 1721 .
1526 1683 1544 1711 9

617 1754 670 1783 14.
695 1747 829 1794 Ἀγρίου
855 1749 1030 1794 βέβρωκας

619 1810 669 1839 15.
694 1803 816 1850 Ἀγροῦ
840 1805 930 1849 πυγή

489 1522 509 1559 3

489 1580 510 1617 9

466 1636 511 1674 10
619 1640 669 1669 12.
694 1633 851 1680 Ἀγαθῶν
877 1635 988 1679 σωρός

489 1693 511 1788 ἓ

471 1868 510 1896 15
619 1868 670 1896 16.
695 1860 870 1906 Ἀγροίκου
897 1861 943 1906 μὴ
969 1860 1172 1905 καταφρόνει
1354 1859 1398 1897 12
1505 1865 1543 1892 11

473 1923 511 1952 16
619 1924 672 1954 17.
697 1918 988 1963 Ἀγναμπτότατος
1012 1917 1112 1962 βάτος
1135 1911 1244 1958 (αὖος)
1301 1915 1304 1932 ¹
1356 1915 1399 1953 13

419 1980 458 2008 cf.
477 1980 504 2017 I,
522 1981 564 2010 49
621 1980 672 2009 18.
696 1974 879 2014 Ἀδώνιδος
903 1975 1068 2019 κῆποιῖθ)
1355 1973 1399 2010 14
1507 1978 1544 2006 12

472 2034 514 2071 18
622 2039 672 2067 19.
696 2031 867 2076 Ἀδμήτου
894 2032 1058 2076 μέλος-’30)

620 2094 673 2125 20.
697 2088 815 2129 ’Δδεὲς
839 2089 914 2128 δέος
1355 2087 1398 2126 16
1504 2091 1545 2121 13

395 2149 398 2194 1
619 2153 672 2181 21.
698 2150 712 2179 :²
727 2150 782 2188 ³1)

167 2244 263 2274 etiam
287 2243 382 2274 nobis
406 2243 491 2272 notis
516 2251 663 2273 eorrasas
688 2250 758 2271 esse
783 2250 802 2270 a
827 2238 986 2278 Gregorio
1019 2237 1064 2280 (et
1088 2248 1106 2268 a
1132 2238 1246 2269 ceteris
1272 2238 1366 2268 huius
1392 2237 1505 2268 aetatis
1531 2238 1590 2267 ho-

171 2299 334 2341 minibus).

261 2358 316 2395 28)
340 2356 500 2386 Macarius
522 2355 577 2398 (ad
602 2356 678 2385 Zen.
705 2355 730 2392 Ι,
759 2353 812 2395 13)
838 2353 922 2382 unde
948 2352 1104 2382 Demonis
1130 2352 1347 2383 testimonium
1371 2351 1499 2381 adfert?

264 2415 320 2452 29)
345 2416 477 2452 propter
502 2413 586 2443 hunc
615 2413 718 2442 locum
744 2412 829 2441 infra
852 2411 932 2440 Zeu.
959 2410 985 2447 Ι,
1012 2411 1053 2440 49
1080 2419 1137 2440 suo
1163 2410 1232 2439 loeo
1258 2409 1395 2439 omissus
1419 2408 1486 2438 est!

262 2471 319 2507 30)
342 2471 445 2500 altera
469 2479 544 2508 pars
569 2471 639 2499 solo
665 2470 696 2499 in
722 2469 817 2507 Diog.
845 2468 896 2504 ΙΙ,
924 2468 964 2497 68
990 2471 1021 2496 et
1046 2467 1072 2495 B
1094 2467 1156 2497 199
1189 2468 1336 2496 seruatur
1368 2465 1481 2495 eodem
1514 2464 1591 2495 uitio

171 2524 236 2572 ‘51ss
260 2525 325 2558 τῶν
352 2522 502 2558 σκολιῶν’
533 2527 712 2563 maculata,
749 2525 834 2563 quod
870 2524 963 2554 facile
995 2523 1166 2561 corrigitur
1200 2533 1216 2552 e
1243 2522 1341 2551 Suida
1373 2522 1405 2552 in
1438 2519 1503 2566 ssstl
1527 2520 1592 2553 τῶν

172 2578 368 2615 δυσκόλωνῖ

264 2641 321 2679 31)
345 2640 538 2670 Leutschius
573 2640 705 2670 adnotat
736 2639 768 2668 in
794 2639 904 2668 Indice
929 2638 1026 2676 Diog.
1053 2637 1098 2675 V,
1128 2639 1163 2666 11
1202 2636 1256 2666 sed
1292 2636 1331 2665 ad
1365 2635 1451 2665 hunc
1486 2635 1590 2664 locum

175 2697 243 2727 cod.
260 2696 287 2725 B
312 2707 376 2727 non
401 2697 581 2736 adscriptus
606 2699 674 2734 θεῖς
700 2696 836 2726 fortasse
862 2696 887 2733 Ι,
915 2696 953 2724 11
983 2694 1155 2732 legendum
1179 2697 1237 2723 est.
1262 2710 1305 2715 —
1330 2692 1420 2722 Idem
1445 2699 1534 2720 error
1558 2689 1591 2718 in

175 2753 267 2783 Bodl.
292 2753 366 2784 206.
412 2776 415 2778 >

1296 2810 1319 2843 2
