1951 3203
246 339 322 370 Zen.
350 339 398 378 V,
424 341 465 370 95
491 339 526 368 Ρ.
575 336 842 379 Συστομώτερος
884 335 1040 380 σκάφηςε

191 393 353 437 παροιμία
393 392 448 426 ἐπὶ
487 393 552 426 τῶν
591 391 652 430 τὰς
693 391 829 435 σκάφας
871 391 1040 436 φερόντων

194 449 375 492 μετοίκων,
413 447 468 483 διὰ
492 447 529 482 τὸ
555 446 850 491 οἱπαρῤησιαστον,
887 447 935 486 οἷς
960 447 1039 482 οὐδὲ

192 510 301 550 χανεῖν
327 505 448 548 ἐφεῖτο.
499 503 666 539 Τάττεται
691 503 729 539 δὲ
754 504 807 537 ἐπὶ
831 505 898 538 τῶν
917 503 964 546 μή
985 507 1039 538 δυ-

190 562 336 604 ναμένων
361 560 671 604 παῤῥησιάζεσῧαι·
699 560 816 602 ἐπειδὴ
844 560 873 593 οἱ
896 561 1041 601 μέτοικοι

193 617 328 661 σκάφας
363 617 479 660 ἔφερον
505 616 536 650 ἐν
563 621 635 655 ταῖς
659 621 814 659 πομπαῖς.
863 617 1042 658 Μέμνηται

190 673 318 716 ταύτης
342 673 534 715 Μένανδρος
559 672 590 706 έν
615 673 662 717 τῷ
689 670 864 716 Εὐνούχῳ.

234 733 261 761 Β
280 734 355 763 849.
398 730 440 762 Σ.
460 741 512 763 σκ.
531 727 596 762 α’πὸ
618 729 683 762 τῶν
700 727 761 766 τὰς
781 727 915 770 σκάφας
942 740 1039 771 μετα-

190 786 358 830 φερόντων
397 786 558 829 μετοίκων
592 785 647 819 ἐπὶ
682 789 756 822 ταῖς
790 789 955 827 πομπαῖς,
993 783 1040 822 οἷς

190 841 268 877 ουδὲ
284 847 394 887 χανεῖν
411 842 533 886 ἐφεῖτο.
585 842 716 884 λέγεται
740 840 794 874 έπι
818 842 883 874 τῶν
910 839 956 883 μή
985 844 1038 875 δυ-

189 899 337 942 ναμένων
362 898 662 942 παρρησιάζεσζται.

235 959 274 988 V.
302 958 361 996 ΙΙΙ,
389 960 441 988 82.
489 956 530 988 Σ.
558 954 721 998 ληκύΰουε
752 954 780 987 οἱ
805 952 867 996 γὰρ
894 953 1040 995 μέτοικοι

190 1010 430 1055 λοιδορούμενοι
455 1009 518 1046 ύπὸ
545 1011 609 1045 τῶν
626 1009 727 1054 φύσει
750 1007 939 1052 ’Δὲιηναίων
962 1006 1040 1044 οὐδὲ

188 1067 286 1113 χοίναι
309 1067 392 1111 πρὸς
415 1066 477 1106 τοὶς
501 1067 665 1109 λοιδορίας
690 1065 899 1162 ἠδύναντο.Ι

234 1195 312 1224 Zen.
331 1195 390 1233 IV,
417 1195 457 1225 69
482 1195 517 1224 P.
566 1192 740 1236 Κροβύλου
768 1126 920 1234 ζεῦγοςΙῑΙ
928 1203 1038 1234 παροι-

190 1250 250 1292 μία
284 1249 338 1283 ἐπὶ
372 1254 440 1287 τοῖς
475 1246 711 1293 ύπερβαλούσῃ
746 1248 886 1292 πονηρίᾳ
918 1260 1037 1292 κεχρη-

189 1305 299 1348 μένοις
315 1306 509 1348 ταττομένη.
560 1303 808 1347 Μετενηνεκται
825 1303 862 1338 δὲ
880 1302 944 1338 ἀπὸ
964 1317 1037 1346 πορ-

188 1361 348 1406 νοβοσκοῦ
381 1361 469 1400 τινὸς
494 1360 680 1405 Κρωβύλου
709 1360 842 1402 ἑταίρας
868 1362 1036 1403 κτησαμέ-

190 1430 244 1451 νου
269 1416 346 1458 δύο,
382 1431 429 1456 ως
461 1431 509 1461 μη
538 1416 633 1460 μόνον
661 1416 714 1450 ἐπὶ
737 1416 874 1455 ταύταις
899 1414 1038 1456 πολλους

186 1474 252 1508 τῶν
270 1474 350 1508 νέων
368 1475 585 1518 λυμαίνεσὲἲαι
602 1470 685 1507 ἀλλὰ
704 1473 761 1507 και
775 1473 810 1513 ἐξ
825 1486 868 1507 ων
883 1472 1037 1507 ἐκλεπτεν

189 1529 389 1573 ἐλυμαίνετο
439 1530 530 1569 Τούς
561 1543 615 1564 ουν
650 1531 741 1568 ἰ’σους
765 1531 808 1574 τῇ
834 1529 959 1564 ἐκείνου
983 1542 1038 1563 πο-

189 1587 286 1631 νηρίᾳ
313 1599 360 1625 ως
377 1587 543 1622 δύνασὶῒαι
561 1587 786 1631 συζευχὲῐῆναι
810 1584 903 1630 αύτῷ
929 1587 1037 1632 Κρω-

191 1643 290 1687 βύλου
326 1641 452 1687 ζεῦγος’
488 1643 610 1687 ἔλεγον.
647 1638 702 1676 ”H
726 1642 781 1677 διὰ
806 1655 842 1676 το
870 1641 952 1677 εἶναι
977 1642 1037 1677 δύο

189 1699 250 1738 τὰς
275 1699 409 1743 ἑταίρας
434 1716 477 1728 =
502 1703 583 1732 B.V.

242 1760 270 1788 1.
297 1758 336 1787 V.
362 1757 564 1802 Κροβύλλου.
615 1759 641 1788 Β
668 1752 861 1800 Κρωβύλου.

240 1805 269 1834 2.
294 1803 375 1834 B.V.
403 1800 670 1846 ύπερβαλλούσῃ-

238 1851 268 1880 9.
295 1849 410 1887 reliqui
437 1847 546 1897 ζυγός.

866 1906 943 1943 m.

236 1973 313 2005 Zen.
329 1974 386 2013 IV,
399 1976 489 2005 54P.
518 1972 748 2014 Καλλικυρίων
764 1972 912 2010 πλείουςε
932 1967 1039 2009 ούτως

191 2028 223 2062 ἐν
250 2029 488 2071 Συρακούσαις
512 2029 707 2072 έκληᾛησαν
735 2029 764 2062 οἱ
789 2027 1039 2066 ἐπεισελξῖόντες

188 2083 377 2128 γεωμόροις
397 2085 618 2128 Καλλικύριοι.
651 2081 777 2118 ”Ενὲ)εν
795 2085 1037 2127 παροιμιωὲῶς

191 2142 321 2186 ἔλεγον,
355 2144 463 2177 είποτε
487 2143 617 2184 πληὶῐος
642 2140 762 2184 ἤθελον
788 2140 955 2183 ἐμφῆναι,
988 2135 1039 2174 ο’τι

189 2202 321 2239 πλείους
344 2212 433 2243 ησαν
461 2198 699 2241 Καλλικυρίων.
748 2198 864 2232 Δοῦλοι
888 2197 925 2232 δὲ
950 2196 1037 2239 ησαν

190 2271 280 2292 ουτοι
319 2257 375 2291 καὶ
414 2269 492 2295 τους
531 2255 664 2298 κυοίους
703 2254 865 2299 ἐξέβαλον

192 2314 282 2348 αἰτία
305 2315 368 2356 τῆς
392 2310 547 2356 κλήσεως
572 2308 700 2350 αὐτῶν,
735 2310 789 2345 διὰ
814 2310 850 2344 τὸ
878 2314 1037 2345 παντοδα-

191 2382 272 2409 πους
305 2370 352 2408 εἰς
384 2367 486 2403 ταύτό
520 2369 687 2402 συνελὲἲεῐν
713 2365 798 2405 ω’ςτε
821 2371 890 2405 τοῖς
915 2367 1038 2409 κυρίοις

191 2426 365 2470 ἐγκεῖσὲΐαι
389 2442 433 2454 =
457 2428 536 2456 BV.

238 2488 268 2516 1.
293 2487 320 2515 B
346 2486 391 2526 (et
408 2485 447 2523 V,
474 2484 527 2522 qui
553 2485 580 2514 si
601 2494 665 2514 non
691 2483 730 2512 ab
755 2482 931 2512 editoribus
958 2492 1033 2512 eno-

191 2534 278 2561 tatus
310 2534 359 2561 est
391 2540 463 2560 cum
488 2531 515 2558 B
540 2530 698 2559 concinit:
733 2538 765 2567 p.
783 2528 892 2557 XXXI
918 2526 1036 2567 praef.)

191 2574 307 2613 πλέους
332 2578 361 2606 3
380 2576 417 2604 B.
444 2572 513 2606 έκλ.
539 2571 732 2614 Γεωμὸρων
757 2571 887 2613 πλῆθος
910 2571 942 2604 έν
969 2571 1036 2603 Συ-

193 2619 373 2661 ρακούσαις
397 2620 426 2652 οἱ
450 2616 675 2658 Καλλικύριοι.

239 2668 268 2696 8.
295 2664 342 2703 είς
365 2662 465 2697 ταυτὸ
492 2675 550 2703 pro
576 2662 622 2700 εἰς
639 2674 736 2696 τουτο
760 2663 1035 2699 Schneidewiuus‚

193 2713 260 2747 τοῖς
284 2709 408 2752 κυρίοις
438 2720 498 2750 pm
522 2720 600 2745 τους
624 2706 755 2750 κυρίους
779 2709 1035 2739 Valckenaarius

192 2757 406 2790 coniecerunt

1264 340 1297 368 M
1322 340 1352 377 1,
1378 332 1437 370 25⁷.

1076 392 1336 436 Συντομώτερον
1355 392 1510 435 σκάφηςε
1530 391 1620 425 Ταύ-

1075 463 1134 492 την
1153 448 1326 483 τοίττουσιν
1343 449 1397 483 ἐπὶ
1414 450 1480 482 τῶν
1499 448 1544 490 μη
1565 452 1620 483 δυ-

1075 506 1223 548 ναμένων
1257 505 1428 550 παρρησίᾳ
1452 505 1619 549 χρῆσξῐαι·

1077 560 1192 603 ἐπειδὴ
1214 586 1328 594 .....
1347 559 1513 604 πόμπαις’
1539 561 1619 603 παρ’·

1077 609 1197 660 ῥησίας
1238 616 1275 651 δὲ
1316 615 1352 650 ού
1390 617 1548 661 μετέσχον
1591 618 1620 651 οἱ

1077 673 1232 716 μέτοικοι.
1282 673 1459 716 Μέμνηται
1493 673 1620 716 ταύτης

1076 730 1158 762 Μεν.
1182 729 1214 762 ἐν
1240 729 1287 774 τῷ
1315 730 1355 762 E.

1255 1196 1289 1225 M
1313 1197 1353 1233 11,
1380 1191 1438 1232 κς’.

1076 1249 1259 1293 Κρωβύλου
1310 1252 1444 1294 ζεῦγοςῑ
1496 1251 1617 1292 Πορνο-

1076 1306 1219 1351 βοσκός,
1255 1304 1302 1345 (ὅς
1334 1319 1454 1350 φασιν,
1490 1307 1619 1350 ἐγένετο

1074 1361 1217 1404 πονηρὸς
1239 1360 1256 1397 ὁ
1279 1363 1458 1407 Κρώβυλος
1484 1363 1620 1398 καὶδύο

1075 1416 1177 1460 κέρας
1203 1417 1357 1462 ἔτρεφεν,
1384 1416 1477 1454 ούδὲν
1503 1423 1618 1462 διαφε-

1075 1471 1196 1515 ρούσας
1215 1473 1317 1510 αὐτοῦ
1337 1475 1391 1510 τὸν
1408 1474 1538 1517 τρόπον,
1566 1475 1618 1514 αἷς

1074 1530 1261 1574 ἐπεφώνουν
1276 1533 1304 1565 οἱ
1315 1531 1502 1574 παριούσας
1517 1530 1619 1574 ὁρῶν-

1073 1599 1147 1627 τες,
1173 1586 1358 1631 Κρωβύλου
1385 1589 1511 1631 ζεῦγος.
1560 1590 1617 1623 Εἴ-

1074 1655 1171 1685 ρηται
1206 1638 1260 1678 οὖν
1286 1643 1340 1678 ἐπὶ
1363 1645 1429 1678 τῶν
1454 1640 1537 1687 ἄγαν
1562 1657 1617 1679 πο-

1072 1701 1180 1742 νηρῶν
1205 1698 1228 1741 ἦ
1254 1700 1424 1743 παροιμία.

1249 1974 1282 2005 Μ
1305 1975 1366 2015 ΙΙΙ,
1394 1971 1446 2019 ιβ’,

1075 2027 1219 2067 Πλείους
1265 2031 1330 2063 τῶν
1370 2032 1617 2075 Καλλικυρίωνε

1074 2081 1126 2118 ότι
1144 2085 1373 2128 Καλλικυρίων
1391 2087 1470 2121 ποτὲ
1487 2090 1617 2131 πλῆθος

1073 2139 1234 2185 έπῴκησε
1268 2146 1342 2180 ταῖς
1368 2144 1615 2187 Συρακούσαις,

1073 2193 1160 2230 ούτω
1192 2198 1292 2238 πολὺ,
1328 2197 1417 2234 ὥστε
1449 2201 1507 2235 καὶ
1538 2201 1617 2242 τούς

1072 2254 1249 2296 προτέρους
1297 2255 1475 2299 οἰκήτορας
1517 2257 1615 2303 ἐκβα-

1073 2312 1147 2343 λειν.
