1951 3203
926 106 1208 147 —22-

357 210 554 248 cuiusdam
596 216 849 255 exornatum,
891 210 981 246 dum
1013 209 1181 256 Diogen.
1203 209 1258 256 Π,
1287 212 1338 246 64
1372 210 1587 260 eodemque
1617 195 1776 258 prouer-

354 279 508 315 biorum
547 279 630 315 loco
662 278 744 315 cod.
771 277 802 314 B
833 279 908 314 194
941 277 1081 314 lemma
1123 277 1316 315 exhibent
1359 271 1483 331 ‘’'Aptt
1523 279 1599 325 μῦς
1638 277 1777 326 πίσσης

356 340 527 396 γεύεται,
569 345 630 383 cui
662 345 798 393 adfigit
829 344 910 382 cod.
932 344 963 381 B
994 347 1035 381 et
1064 343 1307 381 historiolam
1338 344 1444 382 illam
1476 349 1515 383 et
1545 346 1776 395 explicatio-

357 427 447 451 nem
477 414 523 451 de
555 426 663 451 mure
694 413 897 459 usitatam,
928 411 1001 449 etsi
1032 411 1177 450 iterum
1206 413 1357 450 duobus
1387 413 1474 451 aliis
1505 414 1600 452 locis
1633 417 1710 451 636
1744 418 1784 452 et

360 483 439 518 738
471 481 677 532 utriusque
708 479 1012 529 explicationem
1044 483 1261 528 separatam
1291 481 1429 519 adfert.

471 550 684 597 Pergamus
722 548 755 586 si
785 548 895 586 lubet
925 547 967 584 in
997 547 1234 596 Diogeniani
1273 549 1396 587 nostri
1436 552 1615 588 naturam
1652 549 1783 600 inqui-

357 631 462 655 rere:
493 617 523 654 B
547 620 626 654 204
657 611 761 673 ‘’Ano'
795 611 933 665 κώπης
961 613 1045 653 ἐπεὶ
1076 610 1194 665 βῆμα’
1222 615 1287 653 hic
1309 617 1462 654 demum
1484 631 1555 655 nos
1575 617 1672 654 illud
1695 631 1785 666 pro-

358 686 537 723 uerbium
560 686 684 732 docet,
717 685 821 736 quod
842 684 1112 733 Diogenianus
1132 684 1209 721 iam
1231 683 1263 730 I,
1287 688 1338 721 98
1365 685 1559 734 exposuit,
1591 685 1658 722 scd
1679 689 1785 723 recte

359 755 442 792 cod.
465 754 495 790 B
526 767 610 791 sese
640 754 801 798 habere,
845 752 1011 801 probare
1048 751 1144 788 mihi
1181 751 1338 789 uidetur
1369 753 1450 790 cod.
1475 752 1643 790 Vindob.
1665 754 1697 798 Ι,
1723 753 1785 799 74,

360 822 426 859 ubi
467 822 602 860 eodem
643 821 778 859 ordine
817 824 935 872 atquc
971 820 1013 857 in
1046 820 1129 857 cod.
1152 819 1182 856 B
1214 821 1425 868 prouerbia
1456 833 1540 858 sese
1571 820 1786 869 excipiunt.

359 889 498 941 Neque
535 890 640 927 hunc
679 889 849 927 codicem
890 900 974 925 csse
1015 901 1174 936 prorsus
1216 889 1544 926 contemnendum
1585 889 1662 926 iam
1702 889 1786 926 dixi

362 959 448 995 adn.
474 962 523 994 33
565 961 726 1006 propter
766 956 833 994 illa
873 957 1101 1005 proucrbia‚
1146 968 1245 1006 quae
1285 956 1325 993 in
1368 956 1511 994 nostris
1551 956 1787 1003 Diogeniani

361 1026 472 1063 libris
504 1040 591 1063 mss.
636 1025 800 1074 singulis
839 1025 983 1063 litteris
1019 1024 1149 1061 adfixa
1179 1029 1286 1070 sunt,
1330 1024 1443 1073 plura
1481 1024 1715 1073 paucioraue
1745 1026 1788 1062 in

363 1087 532 1131 Vindob.
593 1093 645 1131 Ut
676 1093 809 1130 uideas
840 1094 914 1130 hoc
946 1106 1022 1129 1101]
1055 1092 1096 1128 in
1127 1103 1206 1128 una
1236 1096 1387 1129 tantum
1427 1092 1559 1130 littera
1589 1093 1788 1141 adparere,

363 1162 598 1198 enumerabo
621 1161 857 1209 Diogeniani
891 1161 957 1212 qui
989 1161 1029 1197 in
1060 1160 1190 1208 priore
1221 1160 1403 1208 Corporis
1434 1160 1510 1197 uol.
1542 1164 1651 1198 extat
1681 1161 1786 1198 locos

675 1230 721 1266 dc
753 1229 884 1267 littera
915 1229 953 1264 A
983 1228 1036 1275 II,
1070 1227 1257 1274 72—111,
1292 1231 1342 1264 42

915 1297 947 1332 Β
976 1296 1054 1342 ΠΙ,
1087 1299 1138 1332 43

914 1365 950 1400 Δ
980 1364 1049 1410 IV,
1083 1367 1146 1400 38.
1172 1367 1223 1399 39

914 1433 960 1468 H
985 1432 1029 1478 V,
1057 1431 1117 1469 17.
1147 1434 1192 1467 18

918 1501 954 1536 Κ
984 1501 1030 1546 V,
1056 1502 1248 1536 85—100

918 1570 958 1604 A
990 1568 1057 1614 VI,
1091 1571 1256 1604 ‘mm-32

911 1638 965 1673 M
992 1637 1057 1682 VI,
1091 1636 1255 1672 67—74

923 1705 963 1741 Ν
993 1704 1061 1749 vl,
1093 1707 1144 1739 90

925 1770 960 1812 Ξ
991 1773 1059 1818 VI,
1093 1774 1257 1808 91—93

929 1841 961 1877 O
992 1841 1081 1887 VH,
1115 1843 1275 1877 31—41

922 1909 964 1944 Π
991 1909 1081 1955 VII,
1115 1911 1277 1944 88——95

932 1978 962 2013 P
993 1977 1083 2023 VII,
1115 1980 1166 2012 96

928 2045 967 2081 Σ
994 2045 1109 2091 VIII,
1148 2046 1306 2081 16-19

935 2114 969 2149 T
996 2112 1106 2160 VIII,
1140 2115 1305 2149 46—58

922 2182 970 2220 Ψ.
1004 2181 1045 2217 ,Ω
1077 2180 1188 2227 VIII,
1223 2182 1386 2217 71-76
1421 2180 1558 2229 (finis).

373 2251 462 2287 Non
501 2251 606 2288 casui
643 2251 894 2288 tribuendum
932 2250 1002 2287 has
1041 2249 1340 2298 prouerbiorum
1374 2247 1585 2296 particulas
1615 2246 1685 2283 fini
1716 2247 1794 2284 sin-

376 2319 551 2366 gularum
576 2318 792 2356 litterarum
814 2318 945 2364 inseri,
978 2318 1044 2355 sed
1066 2317 1159 2367 quid
1182 2317 1229 2353 de
1250 2321 1389 2353 natura
1409 2329 1541 2352 corum
1564 2315 1688 2352 dicam
1715 2328 1794 2352 non

375 2386 512 2423 habeo.
575 2387 769 2424 Adiuncta
799 2391 891 2423 sunt
920 2389 1127 2436 postquam
1160 2384 1241 2420 cod.
1264 2383 1370 2420 Bodl.
1394 2383 1565 2434 aliquam
1586 2383 1795 2420 conlectio-

376 2466 463 2490 nem
497 2454 742 2502 compilauit,
775 2466 875 2504 quae
905 2454 1003 2491 haec
1032 2452 1136 2490 calce
1168 2452 1310 2497 caruit,
1343 2451 1426 2489 siue
1456 2452 1690 2500 archetypus
1720 2451 1797 2488 fuit

377 2522 459 2559 siue
490 2523 613 2559 codex
644 2522 720 2560 alio
751 2522 864 2560 modo
897 2521 1048 2559 adfinis.
1092 2523 1145 2558 At
1175 2520 1274 2556 nihil
1305 2520 1353 2556 ad
1376 2524 1547 2558 nostram
1577 2532 1669 2556 rem.
1713 2520 1794 2557 Nos

375 2590 671 2639 prouerbiorum
702 2591 923 2639 congeriem
953 2589 1180 2636 refecimus,
1225 2602 1325 2640 quae
1356 2590 1427 2626 sub
1458 2587 1692 2636 Diogeniani
1724 2600 1794 2624 no-

378 2658 482 2696 mine
522 2671 627 2696 nunc
666 2658 823 2709 quidem
864 2659 1007 2704 fertur,
1049 2658 1225 2707 profecto
1265 2661 1394 2694 autem
1433 2657 1474 2693 in
1504 2655 1683 2705 plurimis
1712 2655 1796 2692 fere
