1951 3203
886 128 1169 170 ...16-

427 234 486 272 Ne
517 234 658 282 longus
689 233 759 270 sim
790 232 831 269 in
862 234 978 271 rebus
1009 232 1245 281 manifestis,
1283 233 1517 282 supersedeo
1549 231 1741 282 exemplis

315 303 458 341 additis
489 301 730 340 adfinitatem
769 301 877 338 illam
909 301 1085 339 codicum
1116 301 1147 338 P
1179 304 1218 339 et
1247 301 1278 337 B
1309 300 1434 338 fusius
1465 300 1739 349 comprobare:

314 370 482 408 sufficiet
502 369 617 407 huius
637 369 695 407 rei
717 368 868 406 curioso
890 367 1080 406 nonnulla
1103 372 1255 406 tantum
1287 369 1497 417 prouerbia
1526 367 1740 418 perlegisse

310 438 559 488 maximeque
581 449 636 484 ea,
669 449 768 488 quae
800 450 885 475 cum
918 437 999 474 cod.
1023 435 1101 473 ML
1133 436 1310 474 conferre
1339 436 1443 484 licet,
1475 439 1543 475 aut
1563 435 1741 474 ordinem

314 506 539 555 adagiorum
581 504 708 556 qualis
747 508 785 542 et
815 504 857 541 in
887 505 918 542 P
951 509 990 542 et
1018 503 1060 541 in
1091 504 1121 540 B
1163 506 1273 542 extat
1304 504 1579 543 considerasse.
1640 502 1744 544 Quia

316 574 420 611 enim
451 573 708 622 archetypum
741 575 894 611 constat
925 573 1091 609 eundem
1124 584 1208 610 esse
1240 572 1420 610 omnibus
1453 572 1663 619 codicibus,
1694 572 1741 609 de

314 641 455 692 quibus
497 641 759 690 disputamus,
801 641 906 678 hunc
945 648 1072 679 autem
1114 644 1220 678 certo
1262 641 1429 692 quodam
1460 641 1742 678 elementorum

314 710 450 747 ordine
479 708 600 746 fuisse
631 708 876 754 instructum,
910 708 1173 759 consequitur,
1206 712 1259 755 ut,
1293 708 1325 745 si
1356 712 1438 746 tum
1471 709 1546 746 duo
1577 708 1742 757 scripto-

312 790 375 815 res
406 789 563 826 operam
594 776 837 813 describendi
870 776 1050 822 subeunt,
1080 776 1121 812 in
1145 779 1312 827 utroque
1334 775 1435 813 libro
1462 776 1627 814 eundem
1652 788 1741 825 pro-

313 845 537 882 uerbiorum
570 843 746 881 ordinem
778 844 1035 892 reperiamus,
1069 844 1144 881 nisi
1177 844 1383 882 statuimus
1414 844 1580 882 alterum
1611 846 1741 881 utrum

313 913 360 950 ad
392 912 614 958 arbitrium,
648 912 806 949 ductum
836 912 1001 950 fortasse
1032 911 1167 959 regula
1199 912 1385 962 quadam,
1432 916 1500 950 aut
1527 911 1743 950 adornandi

314 980 633 1018 consuetudinem
676 983 845 1017 mutasse
884 984 951 1017 aut
989 982 1144 1017 seruata
1182 979 1409 1017 lemmatum
1440 980 1540 1018 serie
1571 979 1743 1029 explica-

315 1049 442 1087 tiones
465 1046 651 1085 adiecisse
674 1047 831 1085 aliunde
858 1047 1010 1097 petitas.
1072 1048 1158 1086 Hac
1181 1048 1227 1085 de
1249 1060 1374 1095 causa,
1407 1048 1615 1086 dummodo
1636 1050 1744 1086 recte

315 1115 564 1166 perspexeris
604 1116 904 1164 prouerbiorum
947 1116 1265 1165 dispositionem,
1309 1115 1452 1154 multas
1493 1115 1744 1154 difficultates

316 1198 428 1234 spero
460 1197 520 1221 me
552 1196 635 1221 esse
668 1183 901 1230 soluturum,
945 1197 1031 1222 cum
1062 1183 1642 1223 Schneidewinus-Leutschius
1670 1183 1744 1221 hac

316 1266 358 1290 re
390 1265 550 1302 prorsus
581 1252 825 1301 praeteruisa
862 1251 948 1301 ipsa
978 1252 1152 1290 codicum
1185 1252 1292 1290 Bodl.
1325 1250 1649 1304 aliorumque27)
1680 1251 1744 1288 de-

409 1390 466 1425 27)
491 1388 561 1417 Hoc
578 1387 674 1417 modo
699 1387 807 1417 statim
833 1398 849 1418 e
868 1397 986 1426 genere
1011 1388 1156 1418 codicum
1175 1388 1454 1426 Diogenianorum
1479 1390 1650 1418 euanescet
1673 1387 1743 1417 cod.

317 1445 494 1475 Vaticanus
510 1445 673 1481 Krameri,
700 1454 761 1481 quo
782 1445 819 1474 de
837 1445 910 1474 uide
930 1444 1079 1474 Schneid.
1104 1445 1136 1474 in
1160 1445 1261 1483 praef.
1287 1454 1318 1483 p.
1336 1444 1480 1474 XXXIII
1498 1454 1544 1482 sq.
1571 1462 1614 1467 -
1639 1444 1744 1473 Huius

320 1503 404 1532 enim
430 1502 508 1531 ordo
534 1502 782 1539 prouerbiorum
812 1502 918 1531 minus
944 1502 1101 1532 dilucidus
1133 1511 1265 1541 prorsus
1300 1502 1385 1532 idem
1418 1502 1581 1532 inuenitur
1605 1502 1638 1531 in
1664 1500 1744 1530 Gre-

322 1560 404 1597 gorii
422 1558 536 1596 Cyprii
553 1559 763 1595 conlectione,
790 1559 851 1587 nisi
874 1559 959 1596 quod
984 1559 1016 1588 in
1041 1559 1148 1588 littera
1165 1560 1205 1595 A,
1232 1559 1384 1589 uidelicet
1407 1559 1639 1597 copiosissima,
1666 1557 1745 1587 Gre—

320 1617 429 1654 gorius
462 1615 558 1644 habet
593 1615 681 1644 solus
712 1625 829 1653 provv.
860 1617 909 1645 12.
941 1617 1095 1646 17—19.
1123 1617 1176 1646 26.
1204 1617 1358 1646 30—31.
1386 1617 1545 1646 42-43.
1573 1612 1744 1645 47—49b.

320 1674 462 1703 52--53.
492 1673 635 1703 59—60.
662 1673 712 1701 62.
735 1674 787 1702 78.
810 1672 952 1702 85—87.
975 1674 1026 1708 90,
1053 1676 1159 1702 cetera
1183 1676 1289 1701 autem
1315 1672 1432 1701 mirum
1457 1672 1490 1701 in
1515 1672 1646 1701 modum
1670 1681 1744 1701 con-

319 1730 468 1768 gruentia
492 1728 645 1768 (uidesis,
671 1729 703 1758 in
730 1727 848 1758 codicis
873 1729 903 1757 K
929 1729 1145 1767 descriptione
1172 1732 1249 1767 quot
1272 1729 1449 1767 prouerbia
1474 1729 1542 1758 solo
1567 1729 1599 1758 in
1624 1729 1693 1758 cod.
1712 1728 1744 1757 K

320 1791 351 1816 et
375 1786 460 1824 apud
483 1785 580 1823 Greg.
599 1785 678 1824 Cyp.
699 1784 871 1825 legantur).
923 1784 986 1815 Sed
1011 1786 1171 1823 permulto
1197 1786 1292 1823 plura
1316 1785 1473 1824 praebere
1498 1785 1569 1816 cod.
1589 1785 1631 1822 K,
1657 1787 1745 1815 certo

320 1853 403 1873 nunc
439 1842 557 1872 obiciat
591 1842 762 1880 quispiam.
811 1843 895 1872 Huic
920 1851 1048 1880 quoque
1081 1843 1127 1872 rei
1153 1851 1249 1872 causa
1273 1843 1463 1872 manifesta:
1494 1842 1569 1872 cod.
1595 1842 1688 1872 Leid.
1715 1844 1747 1871 et

320 1900 425 1930 Mosk.
451 1898 601 1937 Gregorii
627 1898 730 1937 Cyp.,
768 1899 821 1936 qui
852 1900 938 1938 typis
965 1900 1111 1937 expressi
1144 1903 1218 1929 sunt
1242 1908 1261 1928 a
1286 1899 1459 1929 Leutschio
1482 1899 1515 1928 in
1540 1899 1642 1929 altero
1667 1898 1745 1928 Cor—

320 1957 408 1995 poris
425 1957 502 1993 vol.‚
528 1956 664 1985 eundem
688 1965 804 1994 provv.
829 1956 976 1986 ordinem
1001 1959 1133 1986 seruant
1157 1965 1193 1985 ac
1212 1955 1388 1994 Gregorius
1405 1956 1536 1985 Pantini
1561 1956 1607 1997 (in
1632 1955 1697 1985 vol.
1716 1953 1745 1996 Ι)

321 2014 377 2043 sed
401 2013 581 2051 adiungunt.
605 2013 777 2050 unicuique
795 2013 921 2042 litterae
939 2013 1065 2051 copiam
1082 2012 1333 2051 proverbiorum
1350 2013 1486 2042 aliorum
1511 2012 1552 2054 (L
1569 2013 1595 2050 1,
1614 2012 1746 2043 25—60

321 2084 363 2096 =
383 2071 415 2100 M
433 2071 458 2108 Ι,
477 2071 517 2100 87
537 2087 580 2091 -—
597 2070 638 2105 Π,
660 2071 699 2100 22
726 2074 756 2099 et
778 2067 878 2111 alibi),
905 2079 987 2106 quac
1012 2070 1038 2099 si
1065 2079 1197 2108 operam
1223 2069 1281 2099 tibi
1306 2070 1464 2108 impones,
1491 2069 1613 2100 eisdem
1637 2068 1746 2098 uerbis

321 2127 440 2165 scripta
464 2127 497 2155 in
522 2127 590 2156 cod.
610 2127 641 2156 K
666 2127 798 2163 inserta,
825 2127 1032 2164 quantumuis
1057 2126 1180 2165 potuit,
1205 2126 1371 2156 inuenies:
1397 2126 1435 2156 cf.
1462 2136 1489 2156 e.
1507 2135 1538 2164 g.
1561 2120 1746 2168 Ἀβυδηνὸν

323 2180 519 2224 ἐπιφόρημα
544 2183 576 2212 in
602 2183 670 2213 cod.
696 2183 726 2212 Κ
751 2184 776 2220 Ι,
806 2185 823 2213 6
849 2183 1059 2224 (exscriptum
1085 2183 1125 2212 ad
1150 2183 1245 2221 Diog.
1273 2183 1304 2219 I,
1334 2181 1365 2221 1)
1390 2192 1463 2212 cum
1487 2182 1584 2220 Greg.
1610 2181 1693 2220 Cyp.
1717 2181 1744 2210 L

322 2240 345 2270 Ι.
365 2241 405 2269 26
425 2253 469 2266 =
487 2241 519 2269 M
536 2241 562 2276 I,
581 2241 635 2277 88,
661 2249 765 2277 neque
791 2240 857 2269 ulla
881 2239 1040 2269 dubitatio
1066 2239 1210 2269 restabit.
1257 2238 1384 2269 Monuit
1407 2249 1457 2269 me
1475 2238 1746 2269 Wilamovn'tzius

322 2297 382 2326 hoc
407 2306 502 2335 posse
527 2297 623 2334 fingi,
660 2297 785 2326 codices
810 2297 1039 2333 Mosquensem
1065 2300 1096 2326 et
1120 2296 1345 2335 Leydensem,
1383 2295 1459 2325 licet
1493 2298 1680 2334 excerptum
1715 2298 1748 2325 et

322 2353 453 2383 scholiis
479 2353 655 2383 Platonicis
681 2357 818 2390 auctum,
845 2353 1007 2392 integrum
1032 2362 1181 2383 seruasse
1200 2352 1403 2391 Gregorium,
1429 2353 1581 2382 Krameri
1603 2352 1746 2382 codicem

322 2409 465 2439 eiusdem
489 2409 662 2447 prouerbia
694 2410 778 2440 inter
804 2419 875 2440 sese
900 2410 1060 2448 permixta
1085 2413 1117 2440 et
1140 2410 1171 2439 in
1198 2419 1295 2439 unum
1320 2409 1501 2439 litterarum
1526 2409 1672 2439 ordinem
1695 2418 1744 2438 re-

323 2466 434 2503 dacta,
472 2466 601 2495 Pantini
634 2470 741 2496 autem
767 2467 909 2496 codicem
934 2467 1076 2505 pendere
1102 2476 1119 2496 e
1142 2465 1227 2495 libro
1254 2465 1405 2504 Gregorii
1438 2469 1613 2504 amputato.
1660 2464 1746 2494 Huic

322 2521 502 2553 sententiae
527 2522 657 2552 obstare
681 2523 824 2560 uidetur,
850 2523 936 2561 quod
961 2523 1042 2552 nihil
1067 2526 1115 2552 est
1139 2532 1196 2552 cur
1222 2522 1401 2561 Gregorius
1426 2522 1602 2561 prouerbia
1625 2521 1745 2559 duplici

323 2580 406 2609 serie
430 2579 650 2616 composuisse
675 2589 779 2616 neque
805 2589 902 2609 unum
927 2580 1160 2609 elementorum
1177 2579 1325 2609 ordinem
1342 2579 1488 2609 effecisse
1505 2579 1641 2608 dicatur.
1680 2578 1744 2606 Ita-

325 2645 386 2673 que
411 2645 470 2674 ego
494 2634 651 2672 Gregorio
686 2635 833 2665 abiudico
866 2636 1000 2665 alteram
1036 2636 1124 2665 illam
1155 2635 1188 2664 in
1212 2635 1302 2665 codd.
1329 2636 1391 2664 ML
1425 2635 1671 2673 prouerbiorum
1696 2643 1745 2663 se-

323 2693 413 2725 riem.
441 2709 483 2714 -—
518 2692 555 2721 Id
580 2700 706 2729 quoque
732 2692 951 2722 contenderim
984 2693 1111 2722 illarum
1143 2692 1380 2722 conlectionum
1405 2692 1514 2730 copias
1539 2701 1578 2721 ex
1602 2690 1745 2722 fontibus
