1951 3203
631 189 913 231 „49-

341 295 487 325 Photius.
776 295 779 371 J
1070 290 1220 321 Eustath.

110 353 136 385 λ.
157 362 206 384 στ.
233 349 288 384 ἐπὶ
310 350 376 384 τῶν
401 347 512 391 ἄδηλα
536 345 677 391 ἀδήλοις
702 359 760 390 ση-
842 373 848 378 .
870 373 875 378 .
903 348 929 380 λ.
949 357 998 380 στ.
1018 343 1091 380 ἀντὶ
1114 346 1172 380 τοῦ
1191 341 1318 388 ἄδηλος
1337 342 1491 386 σταθμὸς

65 407 267 451 μειουμένων
293 403 316 449 ἦ
342 405 483 439 ἐπὶτῶν
510 404 614 448 μηδὲν
641 405 760 438 συνιέν-
795 402 880 438 κατὰ
914 402 1180 437 Παυσανίαν.
1229 399 1266 435 οὗ
1299 398 1363 444 γὰρ
1398 398 1490 441 ἀκρι-

63 476 138 498 των.
175 462 357 506 Σοφοκλῆς
376 461 570 505 Κηδαλίωνι
595 460 672 505 (duo
689 472 761 493 uer·
796 460 866 505 βῶς
906 458 1073 501 διαφαίνει
1112 456 1286 501 ὀρθότητα
1325 455 1350 499 ’ἢ
1385 454 1489 498 λευκὴ

64 519 131 564 sus)
797 515 946 558 στάῇμη.
980 513 1031 550 διὸ
1058 515 1194 548 ›ez—:coitur
1216 512 1240 557 ἢ
1264 514 1425 557 παροιμία
1443 514 1491 547 λε’-

796 585 890 617 γεται
923 572 979 606 ἐπὶ
1007 572 1073 606 τῶν
1106 567 1219 614 ἄδηλα
1244 590 1282 595 -
1319 570 1492 605 συνιέντων

797 628 860 664 οἷον
887 629 963 673 (duo
988 628 1114 672 uersus)

183 703 310 742 Schol.
340 703 381 740 in
402 702 559 741 Theaet.
582 716 619 752 p.
639 706 717 740 359
740 703 771 740 B
803 701 978 740 concinit
1007 700 1123 750 plane
1156 713 1242 738 cum
1273 712 1381 748 prov.
1413 693 1492 754 ιτόν

67 772 289 821 Κολοφῶνα
311 765 517 820 ἕπὲθηκεν’
548 772 652 823 quod
675 774 733 810 est
753 771 794 808 in
822 770 931 808 codd.
952 770 1097 807 Zenob.
1119 768 1187 805 BV
1219 767 1258 817 (a
1278 766 1490 805 Leutschio

66 843 114 879 ad
138 841 248 888 Diog.
271 840 384 887 VIII,
409 842 459 876 36
492 839 747 889 adscriptum)
778 839 819 876 M
840 839 894 885 II,
919 832 952 874 α’
984 836 1040 886 (in
1062 837 1093 873 P
1125 839 1255 874 autem
1278 834 1491 884 omissum).

178 909 269 947 cod.
291 908 322 945 B
350 911 428 945 363
457 906 527 958 (=
551 907 599 956 V)
632 907 849 956 adscriptus
877 907 924 944 ad
950 906 1033 944 cod.
1057 903 1171 942 Coisl.
1197 906 1274 941 215
1309 904 1366 953 (in
1389 905 1492 952 App,

65 978 119 1025 Π,
144 977 212 1028 85)
243 989 402 1026 prorsus
431 975 514 1014 fere
546 976 731 1014 conuenit
761 988 848 1013 cum
879 973 977 1012 Mill.
999 974 1031 1021 Ι,
1054 967 1109 1009 λδ’
1139 972 1225 1024 (qui
1258 972 1392 1010 omisit
1423 985 1493 1009 ex-

66 1045 316 1096 plicationem
347 1045 389 1082 in
420 1044 498 1082 fine
529 1045 558 1080 B
589 1044 785 1094 positam),
818 1044 899 1082 cod.
933 1046 1061 1080 autem
1083 1042 1111 1079 C
1144 1042 1309 1079 eundem
1342 1041 1492 1079 fontem

69 1119 251 1164 spectans
281 1113 403 1152 multo
435 1113 547 1162 plura
576 1113 734 1162 recepit,
781 1112 967 1150 Scholion
990 1111 1089 1149 Plat.
1111 1110 1153 1147 in
1174 1110 1332 1148 Theaet.
1355 1122 1392 1158 p.
1412 1112 1490 1146 366

67 1183 157 1220 infr.
188 1183 266 1220 huc
301 1182 428 1219 refero
460 1181 533 1220 etsi
567 1181 648 1219 sola
668 1182 765 1219 haec
789 1181 910 1219 uerba
934 1179 1110 1218 continet
1139 1178 1308 1234 (Μυσῶν
1339 1175 1495 1226 ἔσχατος

69 1247 130 1288 ἐπὶ
163 1250 239 1287 τῶν
271 1245 559 1287 εὐτελεστάτων.
623 1245 793 1300 Μάγνης
836 1247 1040 1300 Ποαστρίᾳ
1082 1243 1167 1303 ίοὐκ
1207 1244 1310 1283 ἔστιν
1349 1241 1494 1292 οὐδεὶς,

69 1312 154 1357 οὐδ’
185 1312 208 1356 ὅ
238 1318 395 1355 Μυσῶν
425 1312 593 1367 ἕσχατος’
629 1316 695 1354 καὶ
728 1314 1050 1367 Μένανδροςθῖ)
1082 1345 1088 1351 .
1123 1343 1130 1351 .
1165 1344 1172 1351 .
1207 1343 1214 1351 .
1245 1309 1494 1368 Ἀνδρογύνῳ

68 1387 238 1443 ιΜυσῶν
276 1383 434 1435 ἔσχατος
472 1380 667 1434 πολέμιος’
706 1390 867 1436 propter
908 1385 1032 1423 solum
1072 1383 1279 1421 Menandri
1320 1383 1496 1422 testimo-

69 1455 190 1492 nium.
235 1454 447 1503 explicatio
479 1453 563 1491 fieri
594 1453 724 1503 potuit
763 1456 807 1491 ut
838 1466 857 1491 e
887 1453 1065 1501 longiore
1102 1452 1236 1489 fabula
1266 1455 1495 1499 sumeretur,

70 1522 162 1574 quia
184 1523 384 1573 Mysorum
414 1535 578 1570 regnum
610 1534 810 1571 capessere
841 1521 960 1558 nullis
985 1519 1283 1558 difficultatibus
1315 1523 1398 1558 erat
1422 1520 1493 1556 im-

68 1591 226 1640 peditus
266 1589 474 1639 Telephus.
506 1613 560 1617 —
605 1590 786 1628 Ceterum
829 1589 1085 1627 coadunatam
1127 1589 1289 1638 praebet
1330 1588 1497 1626 Photius

69 1659 142 1708 (-—-
170 1657 326 1708 suidas)
364 1659 464 1697 hanc
503 1659 674 1696 fabulam
716 1671 803 1696 cum
834 1657 1022 1694 Demonis
1061 1656 1292 1706 uerbis93)‚
1335 1669 1434 1708 quae
1465 1656 1496 1693 si

69 1727 304 1765 Pausaniam
336 1726 531 1774 audimus,
575 1726 793 1765 necessario
826 1726 867 1763 in
897 1725 1061 1763 Zenobii
1094 1729 1251 1764 auctore
1283 1724 1495 1763 alteroutro

70 1795 300 1842 extiterunt,
331 1795 369 1832 id
402 1795 506 1846 quod
537 1795 696 1833 minime
728 1808 749 1832 a
769 1793 957 1832 Demonis
988 1793 1092 1832 inter
1121 1792 1494 1843 paroemiographos

70 1863 302 1902 auctoritate
333 1863 528 1901 abhorret.

183 1933 301 1970 quta
329 1931 423 1981 poni
454 1934 607 1969 tantum
640 1943 737 1980 opus
768 1934 827 1968 est
856 1929 983 1968 Schol.
1015 1930 1117 1968 Plat.
1147 1930 1189 1966 in
1219 1930 1378 1968 Theaet.
1413 1930 1491 1966 367

71 2003 111 2039 et
138 2001 230 2038 Zen.
251 2000 320 2047 VI,
345 2002 395 2036 25
428 2000 486 2050 <M
516 1999 594 2045 III,
627 1994 727 2050 μη’),
771 2003 816 2037 ut
856 1998 986 2038 statim
1028 1998 1269 2036 adfinitatem
1309 2009 1496 2047 agnoscas

73 2068 182 2107 nullo
213 2069 386 2118 pondere
417 2067 545 2117 posito
576 2067 618 2105 in
648 2066 893 2105 Scholiorum
929 2066 1098 2105 lectione
1133 2066 1294 2104 meliore
1332 2059 1495 2122 (ὑπέρου

71 2130 357 2188 περιτροπή’,
402 2136 511 2175 cuius
554 2136 638 2174 loco
680 2136 772 2174 Zen.
813 2136 922 2174 codd.
962 2136 1154 2185 praebent
1195 2128 1260 2171 ὑπ.
1302 2128 1495 2185 ἐπιτροπὴ

73 2205 244 2255 (praeter
273 2205 342 2242 BV
373 2204 614 2255 περίτροφον
643 2221 699 2236 =
728 2203 856 2250 Suid.,
889 2203 961 2241 etsi
994 2203 1024 2240 Β
1055 2203 1162 2241 addit
1191 2216 1248 2253 γρ.
1285 2199 1497 2253 ἐπίτροπον

163 2309 220 2344 92)
243 2306 410 2336 Nauckius
443 2306 476 2335 in
501 2306 626 2346 ιΒυΙΙοι.
646 2304 738 2335 VIII’
763 2315 794 2344 p.
815 2307 878 2337 372
907 2314 1050 2335 errorem
1074 2304 1115 2334 ab
1141 2305 1315 2334 alteroutro
1341 2305 1387 2342 (v.
1414 2303 1493 2334 Mei-

71 2363 156 2393 neke
171 2363 257 2393 Men.
275 2364 331 2401 23)
348 2373 418 2393 esse
435 2363 642 2393 commissum
657 2365 766 2402 putat3
790 2371 897 2392 nonne
921 2362 966 2392 ita
983 2362 1148 2399 utriusque
1172 2361 1272 2391 uerba
1295 2361 1386 2399 iungi
1409 2362 1495 2400 licet,

73 2424 109 2449 ut
141 2420 174 2449 in
208 2419 308 2450 schol.
341 2421 548 2459 suppleamus
581 2420 646 2449 tale
681 2419 775 2457 quid:
810 2417 891 2450 Μεν.
917 2415 949 2450 ἐν
973 2414 1128 2459 Ἐφεσίῳ
1154 2418 1344 2459 (sequuntur
1369 2419 1495 2460 uersus)

74 2475 133 2509 καὶ
156 2473 188 2508 ἐν
212 2472 321 2517 Ἀνδρ.
351 2497 358 2506 .
384 2500 390 2506 .

167 2534 223 2572 93)
248 2543 329 2572 quae
360 2533 429 2563 sola
459 2533 579 2571 recepit
609 2533 808 2572 Hesychius,
847 2533 948 2562 multo
983 2532 1140 2571 ampliora
1172 2535 1283 2562 extant
1311 2532 1344 2561 in
1377 2531 1494 2562 Scholl.

76 2589 179 2620 Vatic.
197 2590 297 2619 Rhesi
324 2591 399 2628 244,
425 2590 484 2619 etsi
511 2590 657 2627 equidem
682 2590 750 2619 eius
775 2589 884 2627 copias
909 2592 1033 2618 tantum
1057 2598 1158 2627 usque
1183 2589 1222 2618 ad
1250 2585 1306 2621 διὰ
1330 2585 1366 2620 τὸ
1392 2586 1496 2629 παρά-

76 2645 167 2685 δοξον
193 2645 240 2684 εἰς
263 2644 439 2687 παροιμίαν
464 2643 519 2678 διὰ
545 2644 642 2679 τοῦτο
665 2645 863 2687 περιστῆναι
887 2643 989 2686 φασὶν
1023 2646 1186 2684 pertinere
1219 2645 1378 2681 arbitror,
1412 2646 1496 2674 unde

76 2703 267 2734 scholiastae
300 2701 488 2744 <Didymi?)
518 2702 620 2732 uerba
649 2703 816 2741 incipiunt.
865 2700 917 2742 (de
942 2702 1141 2743 περιστῆναι
1164 2711 1223 2741 pro
1248 2700 1432 2743 προστῆναι
1455 2702 1494 2731 cf.

76 2760 155 2790 Zen.
173 2760 228 2799 VI,
247 2757 314 2803 23.)

1202 2820 1223 2854 4
