1951 3203
773 255 828 261 -
887 232 1024 284 9--

301 338 442 388 Itaque
471 336 544 374 hac
575 335 840 384 disputatione
870 336 975 375 nacti
1008 350 1140 375 sumus
1170 337 1286 376 huius
1317 338 1614 386 prouerbiorum

187 404 358 443 familiae
400 403 570 442 codicem
613 404 880 454 archetypum.
942 404 1147 444 Continuit
1185 405 1483 454 prouerbiorum
1524 420 1615 445 con-

190 473 334 522 geriem
367 472 708 523 quadripartitam,
751 485 867 523 quam
899 473 1065 522 optime,
1096 473 1273 522 exceptis
1304 473 1489 513 uidelicet
1519 488 1614 512 non-

189 540 308 579 nullis
338 540 535 578 erroribus
566 552 664 590 quos
695 552 808 578 nemo
838 540 904 592 qui
928 541 1171 590 excerptoris
1202 554 1362 579 munere
1392 542 1504 590 fungi
1536 545 1615 580 stu-

189 610 289 656 deat,
322 609 494 657 effugere
524 607 668 657 possit,
711 611 982 657 repraesentat
1013 609 1095 646 cod.
1119 609 1178 656 M,
1222 609 1288 660 qui
1322 609 1394 646 etsi
1427 623 1507 647 non
1537 613 1615 648 tam

190 677 322 716 stricte
352 675 557 726 archetypi
589 675 757 724 uestigia
787 676 974 725 pressisse
1007 676 1182 724 uidetur,
1225 680 1354 714 tamen
1385 678 1487 715 haud
1519 678 1617 715 mul-

190 750 272 784 tum
311 757 398 782 eum
429 757 451 781 a
480 756 575 782 uero
614 744 705 781 libri
736 744 950 781 Zenobiani
992 744 1142 782 ambitu
1172 745 1372 782 aberrasse
1403 746 1497 783 mihi
1529 759 1617 795 per-

191 826 344 852 suasum
368 816 427 851 est
448 812 512 863 (cf.
535 826 571 862 p.
594 813 644 861 5).
706 813 880 850 Deerant
911 825 1002 850 sane
1033 813 1073 849 in
1105 813 1172 850 illo
1204 814 1419 863 archetypo
1450 814 1526 851 iam
1549 828 1616 852 ex-

190 882 422 932 plicationes
452 880 748 930 prouerbiorum
778 883 825 917 14
857 880 1033 929 priorum
1059 881 1316 919 conlectionis
1347 881 1517 929 alterius,
1550 882 1618 919 scd

189 951 343 998 integra
383 950 585 998 prostabat
624 949 741 987 tertia
780 949 972 987 conlectio
1015 952 1053 987 et
1093 952 1254 1001 quartae
1293 949 1470 996 initium,
1514 950 1617 1000 quod

189 1022 295 1057 recte
326 1017 507 1067 supplere
539 1030 642 1054 nunc
674 1017 832 1067 quidem
865 1017 938 1054 nisi
973 1017 1116 1063 codicis
1149 1018 1179 1054 L
1212 1017 1474 1066 descriptione
1511 1018 1617 1055 facta

192 1101 272 1125 non
311 1086 547 1136 poterimus,
591 1084 663 1122 etsi
696 1096 716 1120 e
747 1085 829 1122 cod.
853 1085 892 1120 Σ
917 1084 993 1126 iam
1025 1085 1119 1123 satis
1151 1086 1196 1123 de
1227 1085 1331 1123 initii
1363 1085 1488 1123 forma
1518 1085 1617 1122 iudi-

193 1168 279 1194 care
317 1154 424 1200 licet;
467 1153 583 1191 desiit
621 1153 716 1190 haec
748 1152 938 1190 conlectio
971 1152 1011 1190 in
1043 1153 1214 1191 litteram
1247 1153 1276 1190 B
1308 1165 1352 1190 ac
1381 1153 1546 1191 fortasse
1576 1153 1618 1190 in

190 1225 264 1262 hac
294 1236 335 1261 re
367 1234 575 1274 sequemur
606 1220 750 1258 codicis
772 1221 803 1258 L
835 1220 1010 1258 ordinem
1043 1221 1243 1272 aliquanto
1275 1221 1532 1267 immutatum,
1564 1221 1619 1258 ita

189 1294 234 1330 ut
265 1291 418 1340 culpam
448 1289 677 1327 mutationis
709 1289 789 1326 cod.
813 1289 853 1325 M
885 1289 1122 1336 tribuamus,
1165 1290 1275 1327 uelut
1306 1289 1352 1326 de
1385 1288 1471 1326 aliis
1501 1289 1618 1326 rebus

190 1361 290 1398 idem
324 1358 607 1397 demonstrauit
636 1357 846 1395 Fresenius
877 1370 963 1406 pag.
990 1358 1052 1394 37.

303 1427 350 1464 Id
382 1427 550 1478 denique
590 1426 694 1464 nacti
727 1439 875 1472 sumus,
920 1429 964 1464 ut
993 1427 1093 1464 hanc
1126 1425 1300 1464 codicum
1334 1424 1522 1462 familiam
1555 1425 1619 1462 dc-

191 1496 353 1546 pingere
383 1495 500 1533 liceat
528 1495 649 1532 hocce
680 1497 894 1540 stemmate,

667 1562 862 1600 Zenobius

742 1687 783 1724 X

682 1746 742 1860 Ms
767 1743 915 1908 >Nm
937 1804 1145 1850 excerptus

747 1914 779 1950 L

849 1928 872 1950 α

872 1973 905 2042 Χ

884 2050 923 2085 Σ

193 2120 296 2158 unde
326 2119 403 2157 iam
435 2131 505 2168 per
535 2131 619 2157 sese
650 2121 950 2156 consectaneum
991 2120 1050 2155 est
1087 2117 1297 2166 praecipue
1336 2118 1451 2155 nobis
1481 2117 1619 2167 optimi

191 2189 274 2226 cod.
296 2188 338 2224 M
368 2187 587 2225 habendam
618 2199 702 2224 esse
732 2186 924 2225 rationem
956 2186 1002 2224 de
1035 2199 1159 2236 eoque
1191 2198 1275 2223 esse
1307 2186 1514 2234 agendum.

307 2255 411 2296 Quid
440 2255 721 2304 complectatur
752 2255 993 2293 demonstrat
1023 2254 1161 2292 titulus
1194 2254 1260 2305 qui
1293 2258 1352 2292 est
1384 2251 1618 2303 [Ζηνο]βίου

193 2318 358 2372 ἐπιτομὴ
398 2323 474 2360 τῶν
519 2320 717 2373 Ταρῤαίου
756 2319 824 2359 καὶ
865 2317 1050 2371 Λιὸύμου
1090 2323 1325 2372 παροιμιῶν.
1394 2321 1524 2359 Huius
1561 2322 1619 2359 rei

193 2391 304 2430 testis
343 2393 401 2429 est
442 2391 625 2428 Suidas
666 2404 753 2429 s.v.
799 2385 1018 2439 Ζηνόβιος,
1062 2384 1275 2438 σοφιστής,
1319 2384 1535 2434 παιδεύσας
1576 2386 1617 2427 ἐν

192 2453 325 2512 Ῥώμῃ
358 2455 420 2496 ἐπὶ
452 2452 661 2508 Ἀδριανοῦ
695 2457 906 2508 Καίσαρος.
966 2455 1139 2508 ἔγραψεν
1169 2452 1383 2506 Ἐπιτομήν
1413 2458 1488 2495 τῶν
1519 2471 1617 2507 παρ-

194 2527 335 2575 οιμιῶν
375 2521 558 2574 Διδύμου
599 2523 665 2563 καὶ
712 2524 907 2575 Ταρῤαίου
950 2523 998 2563 ἐν
1039 2524 1262 2573 βιβλίοις
1303 2525 1473 2575 τρισίν.
1516 2526 1617 2563 mul.

193 2596 335 2633 Nonne
375 2595 514 2631 horum
553 2595 783 2641 uerborum,
826 2594 969 2645 quibus
1001 2607 1068 2631 cur
1098 2593 1193 2630 fides
1224 2598 1388 2641 negetur
1418 2593 1519 2630 nihil
1549 2597 1618 2640 est,

194 2674 343 2701 summa
373 2660 584 2699 auctoritas
615 2660 697 2699 est?
757 2661 858 2698 Sane
882 2660 1204 2699 Schneidewinus
1237 2661 1393 2712 quidem
1424 2661 1465 2698 in
1496 2661 1619 2710 praef.

196 2730 250 2778 (p.
271 2729 428 2778 XXIV)
462 2728 640 2780 queritur
678 2729 808 2778 ⁶trium
839 2728 1027 2766 librorum
1059 2741 1130 2766 nec
1160 2728 1279 2766 ullam
1310 2728 1350 2765 in
1383 2728 1526 2766 nostris
1556 2741 1619 2765 co-

196 2796 346 2835 dicibus
375 2797 518 2836 Zenob.
551 2797 878 2847 significationem
909 2796 1146 2849 superesse'‚
1189 2798 1256 2836 sed
1286 2810 1379 2835 mox
1408 2798 1483 2835 hoc
1513 2809 1616 2835 scru-
