1951 3203
878 152 1160 194 ,26-

310 254 530 306 putationis
568 258 742 305 partem,
787 269 864 307 qua
892 270 987 293 mox
1016 257 1129 295 nobis
1161 258 1313 296 occasio
1344 258 1504 297 dabitur
1532 258 1730 309 opinionis

309 324 357 360 de
383 323 559 360 codicum
589 326 733 360 natura
762 328 920 362 nostrae
953 325 1249 373 examinandae,
1281 328 1387 378 quod
1417 332 1457 365 et
1486 328 1613 364 fontes
1643 326 1732 364 ueri

308 391 473 429 Zenobii
507 396 546 428 et
574 391 872 442 interpolatoris
901 392 1118 430 Zenobiani
1149 394 1312 432 adtinet.

483 674 642 735 Caput
679 674 922 721 alterum:
959 676 1032 720 De
1067 674 1264 722 Lucillo
1301 676 1573 724 Tarrhan.

421 800 542 847 Agite
575 799 862 837 transsiliamus
893 800 1151 837 int-ernanum
1184 802 1289 851 quod
1326 801 1413 838 hiat
1448 801 1554 839 inter
1593 803 1737 840 falsum

311 872 350 905 et
370 882 509 905 uerum
530 868 746 906 Zenobium
769 872 887 919 utque
911 882 1069 918 operam
1091 872 1265 906 nostram
1288 870 1535 907 conlocemus
1555 869 1599 906 111
1620 870 1737 907 huius

311 936 537 973 auctoribus
568 936 814 983 indagandis,
848 937 931 974 siue
955 937 1189 974 nominatim
1215 939 1262 975 ab
1285 937 1371 987 ipso
1396 938 1628 975 adferuntur
1653 938 1736 976 siue

313 1005 477 1041 aliorum
524 1004 759 1054 scriptorum
803 1005 899 1042 locis
946 1019 1032 1042 cum
1073 1008 1207 1042 nostro
1249 1005 1422 1043 Zenobio
1465 1006 1737 1055 comparandis

314 1073 579 1120 conliguntur.

423 1140 655 1178 Grauissimi
696 1144 817 1178 testes
849 1142 896 1178 de
925 1141 1088 1179 Zenobii
1117 1141 1294 1178 fontibus
1337 1145 1428 1178 sunt
1467 1155 1554 1179 cum
1585 1141 1736 1188 Suidas,

312 1209 420 1247 cuius
453 1211 572 1247 uerba
607 1223 724 1259 supra
754 1209 833 1245 iam
864 1209 1134 1259 pronuntiaui,
1168 1214 1250 1247 tum
1272 1209 1467 1247 librorum
1492 1224 1584 1248 mss.
1608 1209 1735 1260 ipsius

308 1277 468 1314 Zenobii
512 1280 551 1314 et
583 1277 667 1314 ueri
706 1277 749 1313 in
782 1278 864 1314 cod.
894 1277 1045 1314 Milleri
1084 1281 1123 1315 et
1153 1278 1243 1315 falsi
1274 1277 1316 1314 111
1349 1279 1431 1316 cod.
1457 1278 1581 1316 Paris.
1614 1279 1735 1316 tituli,

308 1346 403 1382 lude
437 1345 713 1395 consequimur
735 1345 953 1383 Zenobium
986 1345 1112 1383 tribus
1139 1345 1252 1383 libris
1281 1347 1531 1395 complexum
1558 1361 1642 1384 esse
1665 1346 1735 1384 Di-

307 1414 411 1463 dymi
447 1417 486 1450 et
510 1413 656 1450 Lucilli
684 1414 872 1451 ΤΜ-1111101
891 1413 958 1461 47)
989 1414 1214 1463 prouerbia.
1276 1414 1453 1465 Uterque
1478 1413 1582 1451 enim
1613 1414 1735 1452 libros

307 1482 354 1518 dc
385 1482 460 1517 hoc
485 1482 676 1519 sermonis
701 1496 845 1529 genere
869 1482 1100 1532 composuit.
1162 1484 1225 1520 Ab
1249 1482 1449 1528 Helladio,
1481 1482 1591 1520 cuius
1613 1485 1736 1521 uerba

307 1549 405 1596 legis
436 1550 476 1586 111
510 1550 643 1586 Photii
677 1551 759 1587 eod.
790 1550 868 1586 279
902 1560 955 1600 Q·
983 1554 1061 1587 :350
1095 1565 1127 1588 a.
1160 1553 1207 1587 10
1240 1550 1380 1600 Bekk.)
1418 1550 1533 1588 nobis
1564 1551 1736 1588 traditur

308 1612 366 1652 ὅτι
392 1616 568 1664 Δίδυμος
600 1615 685 1667 περὶ
713 1619 935 1667 παροιμιῶν
967 1617 1206 1668 δεκατρία
1237 1617 1367 1667 βιβλία
1398 1616 1601 1668 συντέταχε
1632 1614 1735 1669 πρός

308 1680 399 1728 τούς
430 1683 517 1734 περὶ
549 1686 769 1736 παροιμιῶν
799 1682 1077 1735 συντεταχότας
1116 1682 1346 1736 ἐπιγράψας
1386 1682 1487 1723 αὐτὰ
1527 1690 1645 1738 atque
1684 1687 1733 1724 de

307 1753 461 1791 Lucilio
485 1754 682 1792 Tarrhaeo
716 1754 903 1792 certiores
935 1768 1006 1791 nos
1030 1755 1127 1793 facit
1150 1756 1374 1805 Stephanus
1399 1755 1616 1805 Byzantius
1648 1770 1677 1793 s.
1695 1769 1732 1793 v.

315 1817 448 1871 Τάῤῥα
479 1851 513 1858 ..
533 1851 540 1859 .
560 1851 567 1858 .
600 1818 778 1866 Λούκιος
809 1817 842 1859 δ’
871 1814 916 1871 ἧν
947 1818 1027 1860 ἆπό
1062 1818 1218 1873 Τάῤῥας
1244 1824 1313 1872 τῆς
1340 1823 1541 1873 Κρητικῆς
1564 1818 1732 1867 πόλεως·

308 1887 466 1939 φέρεται
497 1888 539 1927 δὲ
570 1886 709 1927 τούτου
741 1886 786 1927 τοὶ
820 1888 906 1940 περὶ
940 1892 1163 1941 παροιμιῶν
1194 1891 1304 1941 τρία
1335 1889 1466 1940 βιβλία
1497 1886 1637 1941 ἄριστα
1664 1920 1671 1928 .
1692 1921 1699 1928 .
1723 1921 1730 1929 .

307 1959 416 1995 Haec.
447 1961 565 1996 uerba
598 1959 629 1995 si
659 1959 765 1996 inter
797 1974 837 1996 se
869 1963 1164 2008 comparantur,
1208 1973 1318 1997 cuius
1350 1959 1545 1997 rationem
1576 1963 1733 1997 secutus

308 2030 366 2062 est
388 2027 584 2064 Zenobius
614 2027 655 2064 111
687 2027 877 2065 librorum
908 2041 1072 2065 numero
1100 2027 1400 2066 constituendo?
1461 2028 1561 2065 Sane
1585 2027 1732 2065 Lucilli

307 2094 508 2132 Tarrhaei.
569 2096 771 2136 Quomodo
795 2100 925 2133 autem
947 2095 1093 2132 Lucilli
1124 2096 1237 2133 libris
1268 2095 1395 2133 tribus
1427 2095 1546 2132 ctiam
1568 2095 1732 2146 Didymi

308 2163 494 2199 tredecim
524 2163 647 2200 libros
677 2163 903 2209 inseruerit,
934 2163 976 2199 id
998 2164 1102 2214 quod
1125 2163 1231 2200 tituli
1256 2163 1317 2199 illi
1338 2177 1409 2200 nos
1431 2163 1570 2200 docere
1592 2163 1730 2200 uiden-

308 2234 383 2276 tur,
415 2231 563 2278 fingere
588 2231 687 2268 mihi
710 2246 788 2269 11011
811 2245 983 2280 possum,
1015 2231 1092 2268 nisi
1125 2244 1277 2268 sumere
1309 2230 1404 2268 licet
1432 2230 1511 2267 iam
1531 2231 1731 2268 Lucillum

306 2298 434 2346 ipsum
456 2299 628 2337 Zenobio
650 2299 844 2337 rationem
868 2299 1080 2349 prouerbia
1101 2298 1317 2336 adornandi
1348 2298 1609 2348 praecepisse,
1642 2312 1730 2336 cum

307 2365 392 2414 ipse
423 2367 586 2416 Didymi
626 2368 749 2405 libros
788 2367 831 2404 in
870 2367 1031 2404 breuius
1064 2367 1256 2415 coegisset
1296 2366 1455 2417 suisque
1487 2366 1609 2416 copiis
1639 2366 1729 2404 dili-

398 2490 456 2526 47)
482 2490 532 2519 De
557 2491 618 2520 hoe
642 2491 772 2521 nomine
796 2491 875 2520 mihi
894 2492 1023 2528 quidem
1041 2494 1175 2528 constat,
1202 2491 1320 2529 quippe
1345 2491 1431 2528 quod
1455 2500 1573 2520 nomen
1598 2493 1630 2520 et
1653 2490 1729 2519 scri-

308 2550 403 2582 ptura
427 2547 545 2575 tradita
571 2545 621 2588 (cf.
643 2548 842 2578 Schneidew.
870 2549 973 2586 praes.
1000 2558 1032 2586 p.
1051 2545 1149 2589 XIII)
1176 2548 1417 2577 commendetur
1443 2551 1474 2577 et
1497 2548 1568 2586 ipsa
1592 2547 1727 2584 ratione,

309 2612 372 2639 qua
396 2608 469 2632 ante
494 2613 672 2641 cognomen
692 2605 848 2634 Tarrhaei
873 2605 1054 2643 postulatur
1079 2614 1205 2641 nomen,
1232 2614 1296 2634 nou
1314 2614 1523 2642 praenomen·
1562 2603 1728 2632 Librarie-

308 2668 379 2687 rum
403 2669 493 2688 error
519 2661 670 2691 facillime
695 2665 750 2690 aut
775 2672 813 2691 ex
832 2662 997 2691 nominum
1023 2661 1335 2700 hypocoristicorum
1361 2664 1415 2691 aut
1432 2660 1584 2690 similium
1602 2660 1727 2689 ratione

308 2716 496 2755 explicatur.
