1951 3203
609 194 893 236 „51—

39 315 138 341 rare.
197 302 250 340 Et
277 301 320 339 in
356 300 425 338 illa
464 312 506 337 re
545 303 583 337 et
620 297 663 335 in
700 298 772 335 hac
810 298 911 335 bene
951 296 1164 334 instructus
1204 298 1264 333 est
1300 295 1467 334 Photius

41 373 112 420 (=
132 369 348 420 Suid.)⁹⁶)‚
389 379 505 419 quem
544 380 595 405 ex
626 366 761 404 eodem
797 365 907 402 fonte
937 377 1114 402 manasse
1146 364 1308 412 adparet
1336 376 1465 416 neque

40 439 82 476 in
119 439 194 476 hoc
236 450 346 486 prov.
387 436 591 481 haberem,
639 447 707 472 cur
747 432 926 470 Platonis
968 432 1163 483 quendam
1207 432 1464 481 interpretem

40 519 121 543 non
156 517 428 554 agnoscerem,
471 503 686 548 Boethum‚
733 500 825 552 quia
855 499 1001 548 Cratyli
1043 499 1186 548 dialogi
1225 499 1371 537 mentio
1409 500 1465 546 fit,

41 575 117 612 nisi
155 572 288 611 Photii
327 576 367 609 et
402 570 599 608 Eustathii
639 571 693 619 (p.
723 571 849 615 1591,
884 568 952 618 53)
994 572 1125 605 tantus
1167 572 1269 605 esset
1305 580 1467 605 consen-

44 656 120 689 sus,
151 645 196 679 ut
225 654 312 678 cum
344 640 564 677 Mettauero
595 639 649 688 (p.
673 636 769 686 111)
801 640 937 674 contra
957 636 1157 673 Naberum
1188 635 1241 685 (p.
1267 636 1334 685 67)
1365 636 1466 673 Pau-

42 709 170 748 sanias
209 707 489 758 praeferendus
532 712 643 743 esset.
705 706 799 743 Cum
840 717 932 742 uero
973 704 1187 741 Pausanias
1225 704 1272 741 ad
1312 705 1467 741 eosdem

41 778 172 816 fontes
203 790 246 814 ac
277 774 425 814 scholia
455 779 494 812 et
523 774 718 812 Zenobius
747 773 975 810 referendus
1006 772 1207 818 uideatur,
1251 772 1465 818 uideamus,

42 859 135 882 num
167 844 349 893 grauiora
379 842 603 880 discrimina
633 843 738 879 hunc
769 853 962 879 conexum
993 840 1239 889 prohibeant.
1298 840 1389 877 Non
1411 840 1469 877 ui-

43 914 126 951 deo.
185 912 265 949 Soli
299 912 404 949 enim
438 910 668 949 scholiastae
701 909 854 958 culpam
885 909 1150 958 imponemus,
1185 909 1288 959 quod
1321 908 1468 946 discum

44 981 237 1019 omiserit:
270 984 310 1017 et
340 979 449 1017 codd.
480 978 695 1016 Zenobiani
727 984 765 1016 et
795 977 1214 1015 Photius—Eustathius
1245 977 1291 1014 de
1322 978 1396 1014 hac
1426 989 1468 1014 re

43 1056 213 1096 narrant,
246 1048 402 1099 utrique
429 1060 479 1083 ex
506 1047 785 1095 epigrammate
817 1046 919 1096 (BV:
953 1043 1006 1089 εἰς
1029 1040 1076 1082 ὃν
1101 1039 1384 1100 ιἐινιεεγέγρ11111τᾶ
1403 1074 1408 1080 .
1429 1045 1469 1095 .),

45 1118 149 1169 quod
189 1117 292 1154 idem
331 1115 539 1153 scholiasta
581 1127 737 1165 quoque
778 1114 819 1150 in
859 1113 987 1150 animo
1030 1113 1213 1150 habuisse
1254 1113 1470 1150 censendus

45 1192 115 1232 est,
147 1185 220 1223 etsi
245 1189 378 1222 narrat
404 1184 451 1220 ab
477 1182 801 1220 concurrentibus
823 1194 960 1219 uersus
983 1193 1065 1218 esse
1091 1181 1287 1218 oriundos.
1335 1176 1469 1229 Σκάμ-

45 1257 145 1303 μᾱτα
176 1254 224 1291 31)
256 1252 437 1290 omnibus
469 1256 837 1296 commemorantur,
870 1262 1107 1301 quamquam
1139 1249 1348 1286 scholiasta
1379 1244 1471 1298 ὀρύ-

46 1335 172 1373 γματα
213 1315 377 1371 τάφρων
418 1319 473 1356 eis
513 1318 738 1356 substituit:
785 1330 923 1355 causae
963 1317 1084 1366 igitur
1115 1317 1325 1355 Mettaueri
1356 1317 1472 1354 nihili

47 1393 149 1437 sunt,
182 1389 325 1441 quibus
357 1388 515 1437 grauius
547 1387 754 1425 discrimen
786 1387 890 1424 inter
912 1385 1146 1423 Pausaniam
1179 1390 1218 1423 et
1239 1385 1471 1423 Zenobium-

46 1457 302 1495 Scholiastam
333 1461 503 1494 statuere
534 1455 641 1493 vult:
672 1456 760 1492 fons
790 1455 928 1505 utique
960 1453 1175 1492 communis
1207 1459 1276 1491 est.

159 1525 285 1563 Schol.
317 1525 417 1562 Plat.
448 1525 489 1561 in
520 1524 745 1573 Sopbistam
774 1537 813 1572 p.
837 1525 916 1560 372
938 1522 967 1558 B
1000 1522 1046 1559 de
1077 1521 1342 1576 uentriloquis
1375 1522 1470 1559 duas

42 1594 195 1644 profert
225 1593 461 1639 sententias,
494 1592 664 1641 priorem
696 1604 788 1628 sane
820 1590 1131 1640 grammaticam,
1165 1602 1280 1640 quam
1311 1602 1471 1639 persua-

44 1676 129 1701 sum
159 1661 284 1699 habeo
314 1673 335 1697 e
359 1661 486 1698 lexico
513 1659 759 1712 quodamffl)
793 1672 875 1696 esse
907 1659 1089 1707 genitam,
1121 1658 1282 1696 alteram
1313 1672 1472 1708 prorsus

45 1743 256 1778 congruam
299 1742 384 1766 cum
423 1729 505 1766 cod.
538 1728 674 1774 Coisl.‚
717 1727 911 1776 adscripto
944 1727 990 1764 ad
1023 1727 1124 1764 Plut.
1147 1726 1202 1774 Π,
1227 1729 1277 1763 22
1310 1727 1369 1776 (Μ.
1394 1727 1471 1773 ΙΙΙ,

44 1793 139 1850 ρξγ’)
169 1798 211 1835 in
243 1797 562 1846 angustissimum
593 1797 804 1843 redactum,
837 1795 904 1846 qui
935 1807 1060 1847 aeque
1091 1808 1135 1833 ac
1164 1795 1212 1832 ad
1243 1795 1346 1833 Plut.
1366 1795 1399 1842 Ι,
1419 1798 1470 1832 60

48 1867 154 1906 solus
184 1879 293 1915 prov.
326 1870 370 1903 ut
398 1865 475 1903 fuit
507 1866 702 1916 quondam
733 1864 910 1902 retinuit.

159 1934 287 1972 Schol.
311 1934 412 1972 Plat.
432 1934 475 1970 in
497 1934 674 1984 Sympos.
707 1947 746 1982 p.
766 1934 843 1969 373
866 1933 895 1969 B
929 1937 967 1970 et
997 1932 1087 1969 Zeu.
1110 1932 1164 1978 II,
1191 1935 1237 1968 19
1257 1931 1323 1981 98)
1354 1931 1471 1981 (Mill.

46 2003 80 2049 1,
102 1996 160 2051 ιε’)
193 2014 277 2040 5050
307 2001 493 2051 supplent
523 2002 622 2040 alter
653 2001 829 2048 alterum,
864 2001 954 2038 dum
976 1999 1090 2047 Diog.
1107 2000 1139 2046 I,
1159 2003 1209 2036 60
1231 2017 1288 2032 =
1307 2000 1397 2038 Zen.
1415 2000 1470 2047 Π,

49 2074 100 2108 46
133 2070 273 2107 Suidae
303 2070 515 2119 respondet
555 2083 583 2107 5.
605 2083 643 2107 v.
673 2064 823 2117 Ἀκλητί
863 2069 985 2119 (quod
1026 2068 1150 2106 solum
1190 2068 1364 2107 breuiter
1394 2081 1473 2105 me-

48 2142 174 2176 morat
203 2139 380 2177 Eustath.
406 2141 521 2185 1148,
546 2137 627 2186 35).

164 2206 351 2245 Scholion
379 2206 422 2243 in
444 2206 622 2256 Sympos.
644 2219 682 2255 p.
707 2206 785 2242 376
803 2206 846 2242 Β.
875 2206 922 2243 de
944 2205 1069 2243 Codro
1091 2205 1286 2242 disserens
1315 2205 1474 2243 iamiam

48 2275 196 2313 iterum
223 2275 338 2313 nobis
368 2274 581 2322 imaginem
611 2274 792 2323 depingit
829 2273 1088 2320 scholiorum,
1128 2273 1260 2325 qualia
1290 2274 1475 2323 primitus

51 2343 155 2381 lecta
196 2343 276 2380 sint
317 2357 339 2380 3
371 2342 543 2381 Zenobio
586 2342 629 2379 in
665 2342 902 2380 auctoribus.
961 2342 1148 2380 Continet
1188 2342 1346 2393 quidem
1381 2343 1474 2381 Zen.

145 2480 201 2517 96)
225 2477 313 2508 Suid.
338 2488 363 2509 5.
382 2489 414 2508 v.
440 2479 542 2508 altera
564 2474 666 2518 Ὑπὲρ
692 2488 720 2509 τ.
740 2475 764 2509 ἐ.
790 2487 806 2507 0
823 2478 900 2507 Ζο11.
926 2481 1036 2508 nostro
1062 2478 1162 2514 fluxit,
1187 2477 1323 2516 praebet
1347 2474 1366 2510 ὁ
1386 2474 1475 2511 Πόν-

53 2545 132 2572 τιος.
156 2553 199 2558 -
225 2535 335 2564 Tertia
358 2544 422 2564 uox
447 2535 558 2564 eadem
582 2535 658 2564 noui
684 2534 807 2572 aliquid
831 2535 964 2572 profert,
991 2534 1047 2564 sed
1073 2534 1163 2564 deest
1186 2535 1219 2563 in
1244 2535 1314 2564 cod.
1333 2535 1406 2564 Par.
1434 2536 1472 2565 A.

147 2594 205 2631 97)
230 2592 269 2622 cf.
288 2591 377 2621 Suid.
396 2595 428 2621 et
444 2592 586 2630 Hesych.
614 2602 640 2621 s.
657 2601 690 2621 v.
715 2589 984 2632 ἐγγαστρίμυῇος
1007 2589 1095 2633 (inde
1115 2591 1252 2621 fortasse
1270 2592 1366 2622 etiam
1383 2593 1476 2622 exilis

55 2648 113 2679 illa
135 2650 244 2688 glossa
268 2649 385 2678 Suidae
410 2644 590 2689 Εὐρυκλῆς
614 2647 739 2688 fluxit):
765 2649 882 2677 licetne
908 2648 1006 2686 igitur
1029 2648 1190 2678 Boethum
1215 2649 1393 2687 suspicari?

150 2706 207 2745 98)
229 2703 449 2747 Ἱῑῖράκλειτος
472 2714 531 2743 pro
557 2702 773 2747 Βακχυλίδης
796 2705 954 2734 intrusum
979 2708 1028 2734 est
1051 2714 1068 2734 e
1093 2708 1246 2742 sequente
1272 2714 1349 2735 uoce
1372 2702 1475 2747 ‘Hpq-

59 2762 153 2805 κλῆς.

1144 2825 1167 2858 4
1183 2818 1208 2841 θὶ-
