1951 3203
639 165 920 209 —55-

69 274 152 311 lum
183 272 398 319 anteeedit;
430 285 529 323 quae
552 285 639 309 cum
669 271 725 309 ita
747 271 837 326 sint,
868 275 1001 309 tamen
1023 272 1186 309 eandem
1208 285 1252 310 ac
1273 272 1494 309 Tarrhaeus

70 341 277 379 confirmat
315 339 623 390 explicationem
662 340 709 377 de
741 331 889 383 σέλινος
929 341 1145 390 prolatam:
1188 342 1228 377 at
1257 339 1349 377 uide
1391 341 1496 390 apud

70 408 257 446 Photium
297 411 496 446 auctorem
536 407 654 445 huius
695 407 754 445 rei
794 408 896 445 tradi
929 408 1105 445 Silenum
1147 405 1187 444 ἐν
1226 401 1259 443 δ’
1288 407 1366 444 τῶν
1405 404 1496 458 περὶ

71 470 343 522 Συρακούσας,
376 490 492 527 quem
516 489 603 514 cum
626 476 889 523 substitueris,
921 476 1109 514 concedes
1131 476 1374 513 Tarrhaeum
1394 476 1497 513 hanc

70 544 377 594 explicationem
421 543 496 582 sibi
538 546 744 594 probatam
788 544 846 581 nil
890 543 967 581 nisi
1009 543 1133 593 ipsius
1179 542 1403 591 cognitione
1448 546 1495 582 ab

68 612 210 651 incolis
252 616 408 663 sumpta
449 612 718 659 confirmasse,
762 613 867 663 quod
903 612 1008 649 idem
1048 611 1144 649 feeit
1173 612 1220 648 de
1253 610 1497 648 Δωδωναῖον

68 681 235 730 χαλκίον,
268 694 356 719 cum
375 681 565 718 Aristidis
587 681 853 718 narrationem
877 682 1073 730 probaret.
1120 680 1263 730 Itaque
1284 679 1347 716 his
1370 679 1496 717 causis

69 763 250 796 moueor,
292 752 336 787 ut
374 749 483 787 illius
516 750 656 787 scholii
687 750 802 787 Hom.
836 753 1035 787 auctorem
1067 748 1282 797 Didymum
1314 751 1494 794 statuam,

70 817 211 856 scholii
241 821 373 855 autem
404 819 504 855 Plat.
537 818 736 855 Lucillum
767 818 809 854 T.
829 817 933 867 ¹⁰3).

180 886 397 924 Zenobium
427 900 552 937 pauca
583 890 736 923 tantum
769 900 818 923 ex
848 887 921 923 hac
953 885 1150 933 farragine
1181 884 1377 934 recepisse
1405 897 1494 922 con-

67 954 148 1003 ligo
181 968 200 992 e
233 955 316 992 cod,
349 956 401 992 M.
462 956 563 991 Nam
606 968 704 1005 quae
746 954 786 991 in
829 955 911 992 cod.
943 955 974 990 P
1015 953 1183 1001 legimus
1215 952 1322 1002 (Zen.
1346 952 1392 999 V,
1427 953 1494 1002 85)

70 1026 175 1061 certo
207 1025 302 1073 puto
335 1025 382 1060 ab
413 1023 700 1073 interpolatore
731 1023 955 1061 Zenobiano
989 1022 1147 1059 aliunde
1179 1021 1305 1071 petita
1337 1034 1435 1067 esse,
1473 1034 1493 1058 e

66 1092 177 1129 fonte
209 1105 324 1143 quem
356 1091 464 1129 adire
495 1093 656 1138 adsolet,
689 1091 907 1129 Pausania:
940 1091 1044 1142 quod
1065 1089 1209 1127 nititur
1238 1089 1279 1126 in
1303 1102 1495 1127 consensu

67 1161 223 1197 fabulae
255 1160 502 1197 Simonideae
521 1160 613 1208 109)
656 1161 759 1210 apud
790 1159 977 1196 Photium
1021 1163 1060 1195 et
1089 1158 1306 1195 Zenobium
1345 1161 1493 1207 aperto,

68 1239 168 1279 quae
205 1227 248 1264 in
289 1228 419 1265 insula
450 1228 629 1266 Sardinia
668 1229 913 1274 conlocetur,
956 1240 1192 1278 quamquam
1232 1226 1495 1275 interpolator

69 1296 184 1334 solito
215 1310 323 1334 more
354 1299 477 1335 uerba
519 1298 567 1334 ad
607 1297 815 1335 arbitrium
846 1300 1017 1333 mutasse
1047 1295 1225 1340 uidetur3
1267 1293 1367 1331 aliae
1399 1306 1493 1344 quo-

68 1378 143 1416 que
164 1364 460 1414 “explicationes
480 1365 572 1415 ¹¹0)
605 1379 704 1416 quae
735 1368 958 1410 tentantur,
997 1363 1209 1401 concinunt
1241 1375 1328 1400 cum
1359 1361 1494 1399 Photii

66 1432 212 1479 uerbis,
242 1433 451 1471 dummodo
474 1434 663 1483 Aeschyli
696 1433 776 1470 uiri
806 1446 966 1482 prorsus
997 1430 1124 1480 ignoti
1155 1444 1297 1468 nomen
1323 1429 1493 1467 Demoni

68 1514 152 1539 esse
183 1501 441 1539 substitutum
472 1508 539 1539 aut
571 1502 748 1539 consulto
781 1505 848 1538 aut
880 1513 1011 1538 errore
1043 1503 1157 1550 putes
1190 1499 1252 1549 (cf.
1287 1498 1392 1536 enim
1414 1499 1492 1535 De-

66 1568 194 1606 monis
223 1570 347 1607 uerba
375 1568 417 1606 in
439 1569 568 1607 Sehol.
591 1570 707 1606 Hom.
730 1569 765 1605 V
792 1570 840 1606 ad
862 1569 932 1605 Od.
957 1583 994 1612 v,
1029 1568 1138 1617 302),
1171 1566 1328 1604 silentio
1360 1568 1492 1604 autem

68 1636 212 1674 codicis
242 1637 274 1674 B
304 1650 384 1674 non
414 1637 531 1674 nimis
563 1637 746 1674 confidas,
802 1637 855 1674 Ut
886 1635 1064 1674 breuiter
1095 1648 1286 1672 summam
1316 1633 1492 1684 disputa-

66 1704 186 1742 tionis
207 1705 254 1742 de
275 1706 351 1742 hoc
371 1718 482 1754 prov.
504 1704 644 1742 initam
665 1708 854 1755 repetam,
886 1704 1056 1754 depingo
1079 1707 1243 1740 stemma
1268 1706 1490 1741 auctorum:

159 1830 237 1867 108)
262 1838 357 1867 quem
382 1829 553 1859 Philoxeni
580 1828 624 1871 (et
651 1828 822 1868 Clitarchi)
849 1828 947 1859 uerba
977 1838 1014 1858 ex
1039 1828 1134 1857 huius
1158 1827 1389 1857 commentario
1414 1826 1492 1856 hau-

66 1885 148 1915 sisse
171 1888 322 1923 putares,
358 1886 434 1924 quia
457 1886 491 1914 in
516 1886 640 1915 scholio
667 1887 792 1915 nullum
817 1885 912 1915 huius
938 1886 983 1914 rei
1009 1888 1097 1915 extat
1119 1884 1310 1922 uestigium,
1340 1887 1371 1912 et
1395 1893 1434 1912 ne
1459 1883 1491 1912 in

66 1941 230 1971 Eustathii
257 1942 388 1980 quidem
412 1942 505 1971 libro.
524 1960 566 1979 ·.-
592 1942 742 1972 Ceterum
767 1943 805 1972 de
822 1942 1004 1971 Philoxeno
1023 1941 1145 1970 comico
1164 1945 1195 1970 et
1211 1939 1492 1978 dithyramborum

66 1999 172 2037 poeta,
197 1998 252 2037 qui
274 1999 403 2037 saepius
427 1999 461 2028 in
486 1999 578 2029 libris
597 1998 794 2029 zenonianis
814 1999 1007 2034 nominatur,
1035 1998 1165 2027 omnino
1183 2007 1248 2027 non
1266 2005 1360 2035 spero
1381 2005 1490 2034 quem-

67 2065 164 2093 quam
188 2064 259 2085 esse
282 2055 507 2094 cogitaturum.

159 2112 236 2150 109)
260 2112 375 2142 Elucet
400 2122 418 2142 a
443 2112 551 2142 scriba
576 2112 645 2142 cod.
666 2113 690 2141 P
715 2113 787 2142 ideo
812 2112 894 2141 hanc
921 2111 1140 2141 narrationem
1164 2110 1196 2139 in
1222 2110 1286 2140 fine
1310 2119 1380 2140 esse
1404 2109 1490 2148 posi-

63 2171 140 2206 tam,
166 2172 203 2198 ut
225 2170 393 2199 commode
417 2169 672 2208 Apollodoreum
696 2170 869 2199 frustulum
895 2169 1095 2206 adiungeret.

160 2223 237 2268 110)
264 2225 389 2264 Quarta
422 2226 502 2263 ista⁷
529 2220 646 2258 ’Ἄλλοι
680 2223 717 2258 δὲ
748 2222 803 2257 τὸν
838 2221 915 2257 κα3’
944 2222 1116 2264 ὑπόκρισιν
1150 2222 1281 2265 γέλωτα
1306 2220 1490 2263 Σαρδόνιον

68 2281 245 2314 >caietanae
269 2282 428 2323 λέγουσιν,
454 2278 518 2314 ix&
546 2283 603 2314 τοῦ
631 2280 808 2322 σεσηρέναι
831 2284 899 2318 τοῖς
925 2277 1057 2314 ὀδοῦσιν
1083 2281 1140 2319 (=
1159 2281 1313 2319 Apollon.
1332 2278 1488 2322 Sophist.)

68 2339 252 2377 discrepare
277 2339 425 2369 uideatur
449 2350 467 2369 a
484 2340 592 2369 Photii
616 2339 726 2369 uerbis
751 2338 883 2374 ultimis,
910 2338 970 2368 etsi
995 2338 1045 2368 his
1063 2337 1219 2367 Tarrhaei
1244 2336 1404 2367 sententia
1425 2346 1490 2366 non

68 2395 231 2433 repetitur⁷
256 2395 363 2434 potius
390 2396 498 2434 opinio
525 2396 565 2426 ab
590 2397 646 2425 illo
673 2395 778 2425 aliena
803 2398 1009 2426 memoratur.
