1951 3203
869 159 1150 203 -52-

414 266 502 304 Hoc
539 265 664 314 igitur
703 265 868 303 euicisse
898 265 999 302 mihi
1034 265 1193 311 uideor,
1233 263 1278 301 in
1307 263 1477 302 Scholiis
1506 260 1724 301 Platonicis

301 333 601 384 prouerbiorum
643 334 740 371 duos
781 334 911 371 fontes
955 332 1156 381 cognosci,
1200 332 1368 370 alterum
1408 331 1534 382 ipsius
1577 328 1724 368 Lucilli

302 402 491 439 Tarrhaei
506 401 666 448 librum,
681 402 848 439 fortasse
865 403 913 439 ab
929 400 1015 451 ipso
1033 399 1282 438 Scholiorum
1299 399 1615 448 conglutinatore
1629 398 1643 422 ¹
1655 397 1672 421 2
1685 396 1722 446 ¹)

302 470 534 516 adhibitum,
565 470 733 507 alterum
754 468 899 506 Boethi
927 468 1086 515 librum,
1119 481 1235 519 quem
1263 467 1393 517 ipsum
1415 480 1532 518 quam
1554 465 1723 516 optimos

302 542 479 576 auctores
509 536 636 574 adisse
658 537 813 587 saepius
836 536 1030 586 adparuit.
1081 536 1193 574 Idem
1221 535 1300 573 fuit
1327 534 1606 585 interpolatori
1628 547 1723 586 quo-

301 619 376 657 que
405 604 621 643 Zenobiani
650 604 745 643 libri
775 608 932 655 praesto
963 617 1036 642 nec
1066 617 1154 642 raro
1188 603 1401 641 adhibitus.

411 674 502 710 Non
525 676 607 710 tam
629 672 804 724 quaestio
827 673 874 710 de
896 672 1089 722 Stephani
1109 673 1204 722 Byz.
1226 671 1528 722 prouerbiorum
1550 672 1722 716 auctore,

303 755 418 792 quam
458 742 557 779 haec
595 741 639 778 in
669 741 847 778 Platonis
878 740 1047 778 Scholiis
1087 743 1244 777 uersata
1282 739 1537 776 fundamento
1567 737 1723 784 nititur,

303 810 407 860 quod
436 808 600 846 iecimus
629 808 671 845 in
702 808 970 858 disputatione
996 809 1043 845 de
1066 807 1242 846 codicum
1262 807 1576 846 Zenobianorum
1599 805 1721 855 stirpe

305 891 421 927 supra
450 876 597 914 habita.
645 877 828 913 Alterum
859 890 954 913 uero
985 876 1077 914 inde
1107 875 1371 914 nanciscimur
1402 875 1721 919 emolumentum,

304 946 407 995 quod
438 948 582 982 certam
615 945 810 995 quandam
841 944 1141 994 prouerbiorum
1174 943 1505 981 emendandorum
1527 941 1722 979 rationem

302 1012 501 1050 consecuti
544 1026 675 1049 sumus
719 1025 762 1049 ac
804 1025 942 1049 cauere
982 1026 1086 1050 nunc
1117 1026 1341 1062 possumus,
1384 1025 1432 1048 ne
1464 1010 1513 1047 ad
1543 1011 1721 1046 nostrum

301 1080 510 1119 arbitrium
539 1079 827 1132 libidinemque
848 1080 1101 1126 hariolemur,
1132 1079 1359 1118 recensione
1386 1077 1518 1129 potius
1549 1076 1721 1127 primum

304 1148 482 1187 adhibita
511 1152 606 1186 tunc
633 1149 789 1186 demum
821 1148 869 1185 ad
891 1148 1124 1186 emendandi
1156 1147 1361 1186 conamina
1380 1147 1520 1198 pedem
1545 1144 1722 1195 proferre

300 1216 517 1266 licet122).

392 1365 469 1401 121)
494 1364 692 1393 Mettauerus
717 1373 747 1401 p.
771 1365 853 1393 113:
881 1363 1028 1399 „scholia
1046 1364 1201 1402 pleraque
1218 1364 1340 1402 scripta
1360 1374 1430 1394 esse
1448 1365 1639 1395 crediderim
1656 1374 1721 1395 non

299 1420 379 1450 adeo
414 1421 512 1450 multo
548 1424 620 1459 post
654 1421 828 1450 extinctam
861 1421 1169 1458 Neoplatonieorum
1203 1422 1348 1451 scholam
1376 1422 1608 1452 Atheniensem
1641 1423 1720 1463 (529

299 1487 329 1515 p.
350 1474 432 1519 C.).“
480 1477 598 1506 Mirum
623 1487 700 1507 sane
726 1481 822 1514 esset,
848 1478 874 1506 si
899 1481 974 1507 tune
1000 1477 1095 1507 etiam
1122 1477 1239 1508 Lucilli
1264 1477 1346 1508 liber
1369 1479 1537 1516 extitisset,
1563 1478 1721 1516 siquidem

298 1537 384 1563 recte
409 1534 501 1572 posui
525 1533 723 1572 Stephanum
748 1534 834 1564 illius
859 1544 977 1572 provv.
1004 1544 1061 1572 per
1086 1535 1185 1564 alium
1210 1539 1373 1565 auctorem
1398 1536 1572 1574 accepisse.

393 1592 469 1628 122)
493 1591 645 1620 Peccauit
668 1591 700 1620 in
725 1591 785 1620 hac
810 1601 845 1620 re
869 1592 893 1621 Ι.
915 1592 956 1620 H.
976 1590 1210 1621 Slothouberus
1244 1592 1276 1621 in
1302 1592 1528 1622 dissertatione
1557 1601 1639 1630 quae
1664 1601 1715 1621 ex-

297 1646 387 1676 hibet
411 1646 673 1687 AObseruationes
690 1649 728 1676 ad
748 1647 1071 1686 Paroemiographos’
1091 1646 1243 1689 (Traiecti
1261 1650 1301 1678 ad
1318 1649 1466 1679 Rhenum
1487 1648 1596 1691 1879),
1622 1658 1717 1686 quem

299 1704 474 1734 refutemus
498 1714 538 1733 ne
563 1713 627 1733 uno
653 1705 781 1742 quidem
807 1705 906 1734 uerbo
932 1705 1047 1743 dignus
1071 1705 1209 1735 uidetur.

1922 269 1931 353 und-A:
