1951 3203
762 280 818 302 -.-
878 255 1044 307 11,—

192 361 292 400 male
330 360 576 410 compilatam
615 360 840 398 lemmatum
880 360 1062 409 praebet,
1105 372 1204 411 quae
1235 359 1339 397 omni
1372 372 1524 398 conexu
1555 372 1616 397 ca-

190 433 290 468 rent.
349 430 397 466 In
427 429 557 478 priore
589 431 717 466 autem
744 431 854 477 parte
885 428 1095 477 prouerbia
1120 428 1287 476 legimus
1318 428 1460 477 partim
1482 428 1617 475 ignota

191 499 258 536 sed
295 497 458 545 exigua,
500 497 644 546 partim
676 496 732 534 eis
764 508 864 547 quae
894 496 935 533 in
966 495 1202 533 Zenobianis
1234 496 1431 534 codicibus
1460 496 1617 533 inuenis

190 565 333 605 similia
361 565 426 603 sed
458 577 617 614 prorsus
639 564 803 602 diuersis
825 563 1155 613 explicationibus
1185 564 1387 602 instructa.
1449 564 1618 603 Volebat

190 633 399 684 praecipue
431 633 603 670 eiusdem
635 631 933 680 significationis
972 631 1182 681 prouerbia
1212 644 1463 680 componere,
1507 645 1616 671 enar-

190 702 362 741 rationes
403 700 646 748 singulorum
692 713 828 750 parum
872 701 1044 738 curabat.
1114 700 1254 750 Itaque
1297 712 1533 752 quamquam
1575 701 1616 738 in

192 769 356 819 singulis
393 770 510 806 rebus
549 769 645 806 haec
687 781 843 819 quoque
886 768 1028 806 codicis
1070 767 1284 805 Milleriani
1325 780 1413 817 pars
1454 769 1618 806 alicuius

190 838 377 876 momenti
419 838 510 884 erit,
555 840 684 875 tamen
717 837 763 874 ad
794 839 966 874 nostram
1007 835 1277 888 quaestionem
1319 836 1419 874 nihil
1456 836 1616 874 adtinet.

189 906 390 956 Imprimis
420 909 549 944 autem
589 917 610 942 a
640 905 765 943 tribus
805 917 905 957 quae
937 917 1019 941 eam
1053 904 1291 942 antecedunt
1321 904 1618 943 collectionibus

189 975 305 1025 plane
335 974 576 1023 segreganda
607 976 674 1011 est.

303 1042 513 1094 Reliquum
545 1042 665 1090 igitur
696 1044 755 1079 est
785 1043 952 1090 probare
982 1042 1053 1078 has
1076 1041 1231 1092 quidem
1264 1044 1343 1079 tres
1365 1041 1616 1079 collectiones

191 1112 325 1150 diuelli
356 1124 435 1148 non
465 1123 579 1159 posse
611 1110 676 1147 sed
700 1110 872 1158 singulas
898 1109 1013 1147 unius
1038 1109 1212 1158 corporis
1243 1122 1326 1146 esse
1358 1112 1498 1158 partes.
1562 1111 1617 1146 Ac

191 1180 306 1232 quale
337 1180 605 1218 testimonium
637 1179 827 1228 grauioris
859 1179 984 1228 possit
1015 1191 1097 1216 esse
1129 1179 1360 1227 argumenti,
1394 1192 1508 1229 quam
1530 1179 1615 1224 hoc,

189 1249 231 1285 in
263 1248 443 1286 omnibus
474 1248 600 1285 tribus
632 1247 930 1285 collectionibus
962 1246 1110 1284 nullum
1144 1247 1395 1296 prouerbium
1435 1246 1496 1283 bis
1526 1246 1615 1294 legi,

191 1316 222 1353 si
266 1319 453 1368 quattuor
494 1316 651 1367 quidem
694 1315 917 1365 exceperis,
962 1328 1061 1366 quae
1104 1315 1292 1353 collocata
1332 1318 1423 1352 sunt
1461 1315 1501 1352 in
1539 1314 1616 1351 fine

190 1383 277 1422 coll.
299 1384 363 1421 III
394 1387 511 1435 atque
542 1384 619 1421 iam
650 1383 712 1421 his
743 1383 838 1421 locis
869 1387 986 1422 antea
1017 1387 1174 1421 extant:

249 1453 301 1489 M.
333 1452 387 1499 II,
419 1446 476 1488 λα’
505 1446 642 1507 ,Κριός
672 1447 718 1488 τοὶ
751 1446 922 1501 τροφεῖα’
1248 1452 1325 1499 ΙΙΙ,
1359 1446 1414 1502 ρο’

314 1521 389 1567 ΙΙΙ,
421 1513 478 1568 λβ’
508 1514 630 1576 ι”Αιὸε
662 1515 708 1556 τοὶ
748 1516 934 1569 Τέλληνος
1246 1520 1321 1566 ΙΙΙ,
1354 1513 1438 1569 ροα’

510 1586 582 1636 (=
595 1588 687 1625 Zen.
706 1588 761 1634 ΙΙ,
784 1591 831 1625 15
851 1589 893 1626 Ρ.
917 1589 962 1626 cl.
981 1589 1083 1626 Plut.
1102 1589 1133 1635 Ι,
1155 1588 1224 1638 27)
1247 1588 1318 1638 (=
1334 1589 1425 1625 Zen.
1442 1588 1470 1634 Ι,
1487 1590 1536 1625 45
1557 1585 1615 1636 P.)

313 1656 389 1702 ΙΙΙ,
422 1650 458 1704 μ’
508 1649 566 1711 ιἩ
591 1651 704 1705 ἀφύη
736 1651 827 1706 νεῦρ’
1246 1657 1320 1703 ΙΙΙ,
1354 1650 1440 1705 ροβ’

510 1724 582 1774 (=
601 1724 692 1762 Zen.
714 1724 782 1771 IV,
809 1725 878 1774 25)
1246 1724 1318 1774 (=
1338 1724 1427 1761 Zen.
1452 1724 1503 1771 II,
1529 1725 1598 1773 32)

313 1792 388 1839 III,
412 1787 475 1840 μα’
506 1786 592 1848 ιἈεί
623 1805 680 1836 τις
710 1789 751 1830 ἐν
787 1786 988 1837 Κύδωνος’
1248 1792 1324 1839 ΠΙ,
1358 1786 1451 1843 ρογ’.

193 1859 268 1897 Sed
299 1860 371 1897 hos
402 1859 508 1898 locos
539 1860 671 1907 uides,
715 1861 782 1898 ubi
814 1864 978 1899 extensa
1008 1862 1129 1898 uerba
1160 1861 1375 1910 comparari
1412 1861 1520 1907 licet,
1563 1861 1617 1897 di-

191 1928 317 1965 uersis
350 1927 678 1977 explicationibus
710 1942 789 1966 non
821 1929 994 1974 differre;
1040 1933 1079 1967 et
1109 1929 1294 1979 quoniam
1327 1929 1475 1967 accedit
1506 1931 1617 1979 quat-

193 1999 282 2032 tuor
312 1995 380 2032 illa
411 1996 620 2044 prouerbia
642 1997 849 2034 coniuncta
871 2000 1005 2034 extare
1030 2009 1154 2046 paene
1176 1997 1216 2033 in
1241 1999 1418 2034 extrema
1438 1996 1522 2034 coll.
1539 1996 1617 2042 ΙΙΙ,

194 2062 354 2100 dubium
395 2076 473 2100 non
511 2077 712 2102 remanere
749 2068 895 2114 potest,
939 2065 1030 2116 quin
1067 2078 1174 2102 error
1205 2065 1326 2115 aliqui
1368 2065 1617 2114 accipiendus

192 2130 252 2177 sit,
286 2143 401 2181 quem
434 2132 574 2182 quouis
604 2133 717 2170 modo
749 2133 1000 2182 interpretari
1032 2133 1135 2179 licet,
1169 2136 1207 2170 et
1231 2132 1297 2184 qui
1319 2133 1395 2170 iam
1421 2133 1462 2170 in
1485 2133 1617 2171 arche-

190 2202 285 2250 typo
317 2200 489 2237 omnium
522 2201 628 2238 codd.
650 2201 793 2239 Zenob.
827 2204 910 2239 erat
943 2201 1180 2248 commissus,
1214 2202 1306 2252 quia
1337 2203 1375 2238 et
1396 2201 1478 2238 cod.
1502 2201 1616 2239 Laur.

191 2267 305 2304 modo
338 2267 446 2316 prius
478 2267 759 2316 (Pseud-Plut.
791 2269 821 2316 Ι,
846 2269 913 2318 27)
956 2270 1069 2307 modo
1101 2269 1295 2318 posterius
1327 2269 1531 2317 (Ps.-Plut.
1562 2269 1616 2316 ΙΙ,

194 2337 256 2371 28.
281 2334 349 2384 29)
382 2335 456 2373 sibi
481 2336 610 2385 elegit,
643 2344 682 2375 et
707 2337 789 2375 cod.
811 2337 904 2375 Zen.
927 2338 1013 2374 Par.
1037 2337 1201 2375 alterum
1224 2337 1460 2388 tertiumque
1483 2349 1615 2374 exem-

190 2402 298 2451 plum
330 2403 480 2441 duobus
510 2404 606 2442 locis
636 2405 713 2442 iam
743 2405 950 2443 inuenerat
980 2409 1019 2444 et
1050 2419 1118 2443 suo
1152 2405 1277 2443 ordini
1309 2404 1485 2442 inseruit.

305 2469 423 2508 Velut
442 2472 516 2509 hoc
539 2473 652 2510 modo
674 2473 759 2522 ipsa
779 2474 943 2521 ratione,
976 2486 1075 2525 quae
1100 2473 1141 2509 in
1166 2473 1457 2510 conformandis
1488 2473 1614 2511 tribus

191 2536 487 2576 collectionibus
517 2540 637 2578 fuisse
668 2541 842 2587 uidetur,
877 2545 1004 2579 arctus
1037 2541 1209 2578 omnium
1240 2540 1409 2588 partium
1442 2553 1614 2578 conexus

191 2604 348 2653 agnosci
388 2610 536 2654 potest,
577 2607 631 2644 sic
661 2608 763 2645 idem
795 2608 929 2657 negari
962 2608 1117 2659 nequit,
1160 2607 1191 2644 si
1222 2608 1414 2645 rationem
1446 2621 1545 2659 quae
1575 2609 1615 2645 in

189 2674 401 2711 tractandis
432 2674 595 2722 singulis
626 2676 846 2724 prouerbiis
876 2676 990 2722 inest,
1021 2680 1126 2713 recte
1157 2676 1406 2724 perspexeris
1438 2688 1481 2713 ac
1512 2689 1615 2713 com-

191 2741 389 2787 paraueris
432 2755 518 2779 cum
559 2755 604 2779 ea
643 2743 794 2780 ratione
837 2755 952 2794 quam
993 2742 1143 2780 librarii
1185 2742 1358 2780 codicum
1399 2746 1616 2781 ceterorum

193 2807 361 2856 Zenob.,
404 2809 538 2861 quales
570 2823 591 2848 a
621 2809 1153 2853 Leutschio-Schneidewino
1195 2809 1450 2858 adhibentur,
1494 2809 1615 2848 secuti
