1951 3203
903 94 1184 136 -24-

337 211 454 250 quem
476 197 648 236 codicem
680 198 858 235 audimus
888 198 930 235 in
962 199 1084 247 praef.
1107 212 1194 248 pag.
1217 199 1387 237 XXXII
1416 200 1518 238 libro
1540 199 1754 239 Bodleiano
1804 185 1805 188 Ἰ

334 280 418 305 esse
450 265 690 316 persimilem
718 265 776 303 ita
805 268 849 304 ut
880 267 1127 316 plagularum
1159 281 1179 304 e
1211 268 1319 306 Bodl.
1352 267 1496 318 partim
1528 269 1751 306 auulsarum

335 335 531 372 defectum
577 334 759 384 supplere
801 334 974 372 licuerit.
1044 334 1260 372 Maximam
1303 336 1559 386 praefationis
1601 340 1751 386 partem

334 404 515 440 haustam
538 415 622 440 esse
645 415 664 439 e
685 401 840 440 Lucillo
863 402 1060 441 Tarrhaeo
1092 403 1171 440 iam
1203 407 1356 442 constat
1386 404 1441 454 (v.
1463 403 1755 443 Schneidewini

335 472 467 508 adnot.
506 473 545 507 et
581 469 673 508 diss.
705 483 814 508 meae
852 474 969 520 caput
999 472 1073 520 Π).
1133 471 1308 510 Dubium
1346 486 1451 510 nunc
1491 486 1574 511 esse
1614 474 1754 523 potest,

334 542 466 576 utrum
505 538 600 577 huic
629 538 828 589 prooemio
869 552 992 590 aeque
1035 553 1079 577 ac
1108 539 1391 588 Diogenianeis
1421 540 1535 579 libris
1567 555 1654 578 msS.
1684 541 1755 578 Ze-

334 606 443 644 nobii
483 607 643 645 nomine
683 608 807 645 celato
848 608 991 645 falsum
1022 622 1165 646 nomen
1198 608 1248 646 sit
1281 609 1551 659 praepositum
1582 622 1628 646 an
1659 608 1755 646 Dio-

334 674 501 723 geniano
532 675 681 713 fuerint
710 675 836 726 ipsius
858 676 1048 714 Tarrhaei
1068 676 1163 714 libri
1186 676 1345 725 cogniti.
1405 678 1636 727 Praeplacet
1655 676 1756 714 mihi

334 745 575 782 Tarrhaeum
606 757 746 782 reuera
776 758 798 782 a
828 744 1073 792 Diogeniano
1112 744 1155 782 in
1185 746 1260 783 hac
1289 745 1534 795 praefatione
1571 758 1655 783 esse
1687 759 1754 783 ex-

336 815 532 862 cerptum,
577 812 668 863 quia
707 811 835 849 omnia
874 814 922 850 ab
962 813 1099 850 eodem
1129 813 1328 851 Tarrhaeo
1369 813 1588 863 conscripta
1627 827 1755 865 neque

334 884 456 918 testes
493 882 664 930 probant
703 894 775 918 nec
804 880 918 918 nobis
960 895 1113 919 sumere
1143 881 1251 920 licet.
1311 881 1526 919 Zenobium
1556 895 1650 920 uero
1683 882 1756 919 sci-

335 963 419 986 mus
452 948 702 998 compilasse,
746 962 824 986 non
855 948 948 986 noui
981 962 1069 986 cum
1101 949 1316 1000 quidquam
1349 949 1555 987 addidisse.
1614 950 1756 1001 Itaque

335 1016 582 1065 Diogeniano
605 1016 736 1055 tribuo
760 1016 1057 1067 praefationem,
1090 1031 1189 1068 quae
1219 1017 1318 1055 miro
1343 1031 1434 1055 casu
1464 1031 1540 1055 uno
1567 1018 1699 1056 codice
1720 1019 1757 1055 A

335 1085 447 1123 nobis
470 1088 626 1123 seruata
648 1088 718 1123 est.
779 1086 892 1123 Unde
926 1085 1059 1123 euenit
1090 1089 1134 1123 ut
1164 1086 1231 1124 hic
1263 1087 1399 1132 codeX,
1432 1085 1498 1137 qui
1518 1085 1615 1124 item
1637 1088 1755 1137 atque

336 1154 445 1191 codd.
468 1154 588 1190 B-P
621 1153 832 1203 prouerbia
862 1154 1033 1192 maxime
1054 1155 1280 1193 Zenobiana
1312 1154 1513 1192 continere
1545 1153 1691 1192 dicitur
1713 1168 1757 1191 ac

336 1235 475 1259 reuera
515 1221 817 1271 prouerbiorum
849 1226 945 1273 quot
976 1223 1080 1273 apud
1110 1222 1313 1260 Millerum
1351 1226 1552 1273 prostant,
1591 1223 1757 1259 formam

334 1291 417 1328 fere
458 1291 621 1328 eandem
662 1290 848 1337 retinuit,
891 1294 1128 1340 potestatem
1168 1292 1331 1329 haberet
1363 1290 1487 1341 ipsius
1518 1289 1758 1338 Diogeniani

337 1358 525 1404 adeundi,
559 1358 668 1396 cuius
701 1357 835 1408 copiae
867 1362 1057 1410 quantum
1090 1358 1248 1410 quidem
1280 1373 1299 1396 e
1330 1358 1530 1408 prooemio
1563 1361 1603 1396 et
1631 1379 1685 1384 —
1716 1361 1760 1395 ut

340 1427 472 1465 statim
512 1427 675 1475 gradum
715 1440 969 1477 promoueam
1009 1451 1063 1455 —
1107 1441 1126 1465 e
1167 1426 1302 1464 multis
1343 1440 1515 1465 summae
1556 1425 1759 1476 amplioris

339 1495 561 1547 prouerbiis
600 1494 744 1533 codicis
775 1496 827 1542 B,
873 1510 972 1547 quae
1004 1509 1230 1546 comparare
1261 1509 1467 1546 possumus
1508 1508 1595 1532 cum
1624 1497 1758 1533 nostro

339 1563 597 1612 Diogeniano,
621 1563 802 1601 concludi
823 1567 964 1614 potest,
996 1577 1155 1613 prorsus
1178 1563 1278 1600 alius
1301 1562 1456 1611 generis
1477 1563 1598 1601 fuisse
1620 1563 1758 1601 uiden-

339 1636 415 1679 tur,
448 1645 534 1670 cum
556 1631 682 1669 nostri
703 1630 942 1679 Diogeniani
965 1631 1116 1669 codices
1140 1631 1363 1669 tenuissimi
1388 1645 1480 1668 sane
1503 1630 1594 1668 sint.
1645 1631 1759 1668 Nunc

340 1701 458 1739 etiam
489 1698 629 1737 molius
661 1698 733 1736 tibi
757 1699 986 1749 explicabis,
1019 1713 1087 1737 cur
1111 1700 1192 1737 cod.
1216 1700 1246 1736 B
1269 1703 1319 1736 46
1336 1699 1402 1748 4⁵)
1431 1699 1689 1749 (adscriptum
1711 1699 1760 1736 ad

339 1769 455 1817 Diog.
479 1770 511 1815 I,
536 1767 605 1817 63)
644 1767 802 1805 differat
832 1782 852 1805 a
884 1768 914 1805 P
946 1768 1053 1816 (Zen.
1077 1768 1123 1814 V,
1147 1771 1196 1804 48
1219 1785 1275 1800 =
1295 1769 1336 1805 M
1357 1767 1389 1814 I,
1412 1766 1471 1816 ς),
1513 1780 1590 1818 qua
1629 1767 1677 1805 de
1715 1779 1758 1804 re

336 1837 415 1874 iam
446 1849 563 1887 supra
593 1835 836 1885 praemonui.

455 1904 570 1946 Quod
593 1903 717 1951 igitur
739 1904 869 1941 adhuc
891 1908 1121 1942 consecutus
1144 1917 1228 1942 esse
1249 1903 1348 1941 mihi
1369 1903 1518 1950 uideor,
1549 1905 1624 1941 hoc
1644 1903 1759 1941 modo

341 1973 682 2023 comprehendam,
714 1976 759 2010 ut
789 1972 1025 2019 existimem,
1057 1972 1132 2010 etsi
1155 1972 1196 2009 in
1224 1972 1426 2010 nonnullis
1456 1971 1759 2022 prouerbiorum

341 2041 652 2079 conlectionibus
694 2040 780 2078 ueri
822 2040 1060 2088 Diogeniani
1102 2040 1272 2088 uestigia
1317 2053 1520 2090 superesse
1561 2039 1759 2086 uidentur,

339 2114 470 2147 tamen
511 2108 704 2160 quomodo
744 2122 806 2146 res
846 2108 965 2146 hodie
1006 2109 1052 2146 de
1095 2108 1395 2158 prouerbiorum
1436 2106 1635 2146 codicibus
1674 2120 1758 2144 sese

338 2180 477 2225 habet,
519 2177 622 2214 nihil
652 2176 728 2215 nisi
759 2176 800 2214 in
830 2176 978 2215 librum
1008 2176 1122 2214 illum
1154 2177 1415 2227 archetypum
1448 2175 1625 2214 codicum
1654 2175 1758 2212 PBA

340 2249 380 2283 et
409 2245 647 2294 Diogeniam'
686 2244 838 2283 recurri
876 2258 1014 2295 posse,
1058 2244 1120 2283 eui
1161 2248 1351 2296 quantum
1390 2258 1409 2282 e
1449 2247 1545 2295 quot
1582 2243 1758 2282 fontibus

429 2383 486 2419 45)
512 2381 605 2419 Quod
631 2381 700 2411 Ael.
728 2380 865 2420 Dionys.
893 2384 924 2410 et
948 2381 1126 2410 Pausanias
1151 2378 1196 2422 (in
1221 2380 1311 2409 Eust.
1340 2381 1417 2417 589,
1444 2379 1500 2420 41)
1527 2388 1611 2409 nuuc
1636 2379 1756 2417 optime

340 2448 410 2469 cum
435 2438 503 2467 ueri
520 2438 714 2476 Diogeniani
740 2438 955 2476 explicatione
982 2438 1167 2474 cohaerent,
1193 2445 1289 2474 quam
1314 2436 1491 2474 pleniorem
1517 2437 1652 2475 cogitari
1677 2443 1758 2473 opus

339 2499 388 2525 est
411 2504 506 2533 quam
531 2497 627 2525 extat,
653 2494 726 2524 uide
744 2495 908 2525 Naberum
933 2504 963 2533 p.
986 2496 1025 2525 18
1050 2494 1172 2534 ‘Aelius
1199 2496 1305 2523 autem
1322 2493 1500 2532 Dionysius
1526 2493 1620 2531 plura
1645 2503 1662 2522 e
1678 2492 1756 2522 Dio-

341 2552 478 2590 geniano
514 2552 546 2580 in
581 2552 706 2581 lexicon
741 2552 907 2582 transtulit
939 2556 970 2581 et
993 2552 1171 2581 Pausanias
1207 2550 1261 2588 qui
1285 2551 1425 2589 plurima
1448 2550 1561 2580 habuit
1584 2558 1655 2579 cum
1679 2549 1757 2578 Dio-

340 2609 433 2648 nysio
465 2610 648 2638 communia
681 2619 812 2639 necesse
845 2613 894 2639 est
926 2609 959 2639 in
983 2608 1151 2648 permultis
1176 2608 1364 2639 conuenerit
1389 2617 1460 2637 cum
1485 2604 1700 2644 Diogeniano’
1725 2609 1757 2636 et

340 2665 428 2696 alibi.
