1951 3203
677 171 958 213 -47-ἡ

107 279 280 317 Zenobio
322 278 453 316 addita
492 280 583 315 sunt
619 261 718 327 quae
756 276 797 313 in
829 275 911 313 cod.
935 275 965 312 P
998 274 1079 312 solo
1123 273 1220 322 legis
1261 274 1306 311 de
1340 275 1531 325 Archippi

108 347 308 385 comoedia
337 346 509 396 itemque
540 345 631 381 inde
663 343 761 381 male
792 344 951 389 hausta,
987 342 1148 394 quaein
1169 346 1337 393 utroque
1360 344 1441 380 cod.
1466 344 1529 380 BP

107 414 237 451 adfixa
267 417 358 452 sunt
380 413 565 451 Aristidis
596 412 728 449 uerbis
764 406 905 466 ‘''Aam
938 407 978 447 δὲ
1008 408 1184 460 λέγουσιν
1215 405 1275 446 ὅτι
1302 404 1531 459 Ἀθήνηθεν

107 477 372 531 εἰςιΔελφοὺς
402 475 469 517 τόν
501 475 592 517 ὄνον
625 475 870 528 ἐμισθώσατο
905 478 966 529 [P.
995 478 1143 527 pergit:
1175 473 1286 523 ὅθεν,
1320 476 1431 525 φασὶ,
1463 476 1529 516 καὶ

107 544 227 593 αὐτός
258 543 281 586 ὅ
312 545 576 597 Δημοσθένης
617 544 703 597 περὶ
746 547 815 594 τῆς
847 544 887 583 ἐν
919 547 1091 592 Δελφοῖς
1124 546 1234 589 σκιᾶς
1273 543 1367 594 φησὶ
1409 544 1475 583 καὶ
1507 541 1529 585 ὅ

112 612 276 654 Πλάτων
307 614 347 654 δὲ
379 614 445 653 καὶ
476 611 582 653 ἄλλοι
613 615 751 652 πολλοί
781 613 859 665 (?)].
894 638 946 641 —
979 614 1165 652 Consulto
1197 615 1354 652 uidetur
1385 615 1529 663 Dioge-

107 685 328 735 uianus8⁷)
369 697 501 722 ueram
532 685 705 722 fabulam
735 684 978 728 immutasse,
1023 696 1106 720 cum
1140 688 1178 721 et
1207 683 1290 731 ipse
1323 683 1412 730 VH,
1442 687 1456 720 1
1492 688 1531 722 et

107 753 174 804 qui
206 754 253 790 ab
279 753 361 790 eius
387 753 509 801 copiis
539 753 711 801 pendere
742 752 926 789 uidentur
952 751 980 787 B
1005 751 1096 787 709.
1121 751 1166 787 V.
1186 751 1223 788 C.
1257 751 1314 799 (in
1337 754 1437 800 App.
1462 753 1528 799 IV,

107 821 177 871 26)
217 820 388 858 fabulam
432 821 478 857 de
521 821 671 858 uiatore
713 820 890 868 Delphos
930 819 1207 868 peregrinante
1249 819 1433 858 referant.
1479 844 1527 847 —

107 888 219 930 Quod
251 902 355 926 nune
375 889 465 926 Zen.
490 889 555 935 VI,
583 892 632 925 28
655 906 711 920 ==
733 889 773 924 M
805 895 843 925 et
875 887 995 925 schol.
1018 887 1118 925 Plat.
1145 887 1304 933 adtinet,
1336 887 1425 925 uide
1449 890 1528 925 Me-

105 958 245 994 nandri
274 957 358 994 fieri
390 957 614 994 memoriam
639 956 900 1007 Aristidisque
932 956 1223 993 adcuratissime
1254 956 1374 993 uerba
1403 957 1529 1006 repeti

105 1038 228 1076 aeque
266 1038 309 1063 ac
338 1026 482 1063 factum
525 1030 607 1062 erat
646 1037 668 1062 a
698 1024 891 1062 Tarrhaeo
924 1025 970 1061 de
1003 1022 1245 1060 Δωδωναῖον
1274 1024 1430 1072 χαλκίον
1470 1026 1529 1074 (in

104 1093 238 1141 Steph.
260 1093 302 1130 B,
333 1106 370 1130 v.
398 1091 604 1143 Δωδώνη).

217 1160 386 1198 Multum
418 1161 609 1198 excellere
648 1161 826 1198 uidemus
858 1160 975 1198 schol.
1008 1160 1049 1196 in
1081 1160 1300 1197 Phaedrum
1332 1173 1367 1209 p.
1395 1163 1473 1197 319
1498 1161 1527 1197 Β

78 1225 245 1284 ’(Κοινοὶ
275 1223 322 1265 τά
348 1229 423 1265 τῶν
454 1225 614 1275 φίλων’,
647 1228 804 1274 Timaei,
837 1228 1072 1274 Aristotelis,
1104 1229 1291 1274 Clearchi,
1323 1229 1529 1266 Menandri

104 1297 338 1336 testimoniis
370 1302 603 1335 exornatum
623 1297 796 1334 Zenobio
819 1297 886 1343 IV,
912 1298 961 1333 79
981 1296 1046 1345 38)
1077 1314 1133 1328 =
1163 1297 1259 1334 Mill.
1284 1298 1335 1343 Π,
1359 1291 1428 1348 ἦγ’,
1461 1298 1528 1334 scd

106 1365 276 1403 eiusdem
309 1368 519 1415 utrumque
548 1378 658 1414 prov.
683 1378 765 1402 esse
789 1364 951 1412 originis
975 1364 1135 1401 dubium
1166 1378 1245 1401 non
1272 1378 1354 1402 esse
1385 1371 1526 1414 potest.

218 1434 250 1470 E
280 1432 474 1470 Pausania
503 1433 782 1482 interpolatum
824 1445 907 1470 esse
939 1433 1193 1482 archetypum
1227 1433 1334 1470 codd.
1358 1433 1420 1470 BP
1451 1433 1527 1470 iam

105 1500 338 1539 Leutschius
369 1500 574 1538 adnotauit
604 1501 651 1537 ad
681 1501 771 1537 Zen.
795 1500 869 1547 ΠΙ,
895 1504 942 1536 59
979 1500 1070 1551 quia
1102 1501 1216 1548 plane
1251 1508 1471 1549 congruunt

335 1569 412 1598 Zen.
436 1568 496 1606 111,
525 1569 577 1598 59.
815 1582 817 1602 2
1018 1568 1166 1597 Eustath.
1193 1569 1268 1605 368,
1293 1571 1346 1599 41.

150 1619 223 1669 ‘'Ev
248 1623 338 1665 Καρὶ
360 1635 388 1656 τ.
414 1619 454 1655 κ.’
482 1622 536 1655 ἐπὶ
561 1622 625 1655 τῶν
651 1621 682 1655 ἐν
709 1614 817 1656 εὐτε-4
882 1619 934 1655 ἔτι
973 1622 1133 1664 παροιμία
1173 1621 1262 1663 παρὰ
1298 1623 1527 1668 Παυσανίᾳ

106 1679 177 1712 λε’σι
200 1677 264 1717 τὰς
286 1679 402 1721 πείρας
426 1678 637 1720 ποιουμένων.
687 1679 799 1721 Κᾶρες
816 1684 817 1716 ᾗ
836 1679 973 1721 φέρεται
999 1678 1052 1711 ἐπὶ
1076 1679 1140 1711 τῶν
1160 1678 1191 1712 ἐν
1210 1677 1359 1712 εὐτελέσι
1383 1679 1443 1718 τὰς
1460 1681 1526 1714 πεί-

103 1734 166 1778 γοὶρ
193 1734 469 1778 ἐμισξῑοφόρησαν
494 1736 628 1777 πρῶτοι.
815 1735 895 1777 {pag
920 1735 1120 1777 ποιουμένων
1146 1735 1181 1769 τὸ
1208 1735 1252 1782 ‘dv
1279 1736 1366 1778 Καρὶ
1390 1736 1445 1771 τὸν
1463 1738 1526 1770 κίν-

148 1806 226 1836 Cod.
246 1806 273 1834 B
292 1805 492 1835 solummodo
510 1805 645 1843 praebet
662 1803 715 1837 ἐπὶ
732 1804 797 1837 τῶν
814 1807 816 1840 Ι
835 1790 947 1827 δ’)’*0”’·
997 1791 1069 1825 ἐῑῑὶ
1103 1792 1231 1833 ΚᾶΡὶς’
1265 1793 1370 1835 φησὶν
1403 1794 1529 1835 ttptssrot

104 1845 257 1882 εὐτελῶν.
814 1853 816 1884 ὲ
834 1849 1119 1892 &naamam-0022.

103 1931 283 1968 Ceterum
315 1932 399 1968 cod.
422 1931 452 1967 P
485 1936 691 1982 postquam
733 1931 847 1968 etiam
880 1932 1000 1968 uerba
1031 1925 1160 1967 ’Ἄλλοι
1202 1927 1271 1979 τήν
1310 1931 1523 1981 παροιμίαν

101 1996 254 2035 τιθέασι
285 1997 348 2035 ἐπὶ
379 1999 454 2035 τῶν
486 1995 855 2047 εὐκαταφρονήτων,
889 2011 987 2050 quae
1017 1999 1047 2035 P
1080 1999 1119 2035 in
1151 1999 1276 2045 initio,
1309 2000 1339 2036 B
1372 2001 1412 2037 in
1445 2001 1523 2038 fine

102 2067 238 2113 habet,
270 2067 494 2113 reieoimus,
537 2073 577 2105 et
607 2068 636 2104 B
668 2062 783 2116 plane
814 2073 1035 2116 congruunt
1065 2080 1150 2104 cum
1182 2069 1222 2104 M
1243 2068 1274 2114 Ι,
1298 2064 1339 2113 ζ’.
1400 2070 1524 2108 Multo

102 2135 252 2173 auctius
283 2141 393 2173 extat
421 2141 550 2173 autem
582 2148 691 2184 prov.
723 2136 763 2173 in
796 2136 914 2174 schol.
938 2136 1035 2173 Plat.
1067 2136 1107 2172 in
1139 2137 1349 2174 Lachetem
1383 2142 1461 2175 322
1480 2139 1522 2185 B,

103 2203 175 2241 etsi
219 2203 460 2241 adfinitatem
505 2203 672 2242 clamant
718 2205 838 2241 uerba
880 2204 1008 2253 Κᾶρες
1054 2200 1126 2255 γάρ
1172 2204 1333 2242 δοκοῦσι
1376 2207 1524 2256 πρῶτοι

103 2271 423 2321 μισθοφορῆσαι,
466 2267 564 2309 ὅθεν
604 2270 670 2309 καὶ
711 2270 764 2316 εἰς
802 2267 971 2321 πόλεμον
1012 2268 1162 2317 αὐτοῦς
1202 2271 1521 2324 προέταττον.

102 2338 239 2377 Suidas
269 2353 298 2377 s.
321 2353 358 2377 v.
389 2339 482 2378 item
514 2341 654 2377 bonam
687 2341 879 2392 quandam
911 2342 1162 2379 traditionem
1194 2348 1335 2389 seruat,
1375 2344 1521 2395 quippe

194 2452 251 2490 87)
276 2451 358 2481 Item
383 2451 496 2482 Suidas
521 2464 544 2482 s.
564 2463 595 2482 v.
621 2449 731 2498 [Υπὲρ
758 2447 832 2486 ὄνου
860 2449 966 2490 moti
1001 2456 1135 2485 eandem
1168 2459 1262 2493 atque
1287 2456 1365 2486 Zen.
1390 2457 1451 2493 VI,
1479 2459 1520 2488 28

101 2507 243 2537 fabulam
267 2509 498 2546 complectitur,
524 2511 646 2540 intruso
673 2514 779 2540 autem
803 2511 1006 2549 Delphorum
1030 2513 1178 2549 nomine,
1205 2514 1276 2543 loco
1301 2514 1516 2553 Megarorum.

102 2564 198 2603 Quod
221 2565 310 2594 addit
333 2560 430 2609 6οὕτω
456 2563 699 2607 καῖαψοίμενος
723 2566 788 2599 τῶν
807 2567 926 2607 κριτῶν
944 2565 999 2600 τὸν
1017 2567 1300 2610 κατηγορούμενον
1325 2569 1520 2612 περιέσωσε’

102 2621 196 2651 facile
220 2621 259 2651 de
284 2630 340 2651 suo
365 2622 484 2652 addere
508 2624 620 2661 potuit.

195 2678 250 2716 88)
276 2677 390 2707 Suidas
416 2688 440 2707 S.
459 2688 489 2707 v.
518 2683 550 2708 et
574 2680 675 2709 nostri
698 2680 834 2710 Zenobii
859 2684 891 2711 et
913 2681 1041 2719 Photii‚
1067 2684 1156 2713 euius
1181 2689 1343 2714 auctorem
1369 2685 1517 2714 Nabcrus

103 2742 173 2763 esse
196 2735 266 2764 vult
289 2735 460 2773 Boethum,
486 2736 615 2766 easdem
639 2737 870 2776 explicationes
894 2739 972 2769 duas
999 2740 1169 2778 exscripsit
1193 2745 1223 2770 et
1248 2741 1337 2771 iuxta
1361 2742 1477 2779 posuit.
