1951 3203
722 171 1002 213 ..21-

270 275 502 314 Desinamus
542 288 647 312 nune
688 276 842 326 quidem
882 277 982 313 hane
1019 289 1100 313 rem
1139 275 1181 312 in
1212 276 1378 313 eundem
1419 276 1575 312 modum

156 345 358 397 persequi:
400 345 487 394 plus
526 344 704 382 minusue
739 346 886 397 ubique
926 345 1059 382 eadem
1092 347 1151 383 est
1180 344 1290 383 ratio.
1352 344 1438 381 Hoc
1469 347 1574 381 certo

156 414 402 452 manifestum
423 415 500 450 est:
531 413 648 451 Codd.
671 414 736 450 PB
767 416 806 451 et
825 413 1095 462 Diogenianus
1126 413 1262 464 utique
1293 413 1458 450 eundem
1489 412 1575 449 fon-

155 486 232 520 tem
263 482 450 528 referunt,
484 481 550 531 qui
581 481 622 518 in
652 481 850 532 plerisque
881 482 998 519 rebus
1030 480 1252 519 adcuratius
1283 494 1306 518 a
1335 480 1420 527 BP,
1452 494 1574 532 quan-

153 553 234 588 tum
276 549 433 601 quidem
465 549 628 587 conlatis
667 549 886 599 prouerbiis
926 549 1070 587 codicis
1101 549 1141 585 M
1184 548 1406 598 perspicere
1447 548 1574 595 liceat,

154 620 330 656 seruatus
370 620 449 664 est3
494 617 783 666 Diogenianum
826 618 997 667 pendere
1039 617 1086 654 ab
1128 617 1263 655 eodem
1303 617 1478 654 codicum
1510 618 1573 654 BP

152 687 364 737 archetypo
408 685 662 733 cognouimus
703 686 779 722 iam
819 685 861 722 in
898 686 1068 724 adnotat.
1102 689 1153 722 39
1194 688 1312 736 atque
1354 685 1514 734 adparet
1553 699 1573 722 e

150 754 288 792 uitiis4
304 755 339 804 1)
363 753 644 801 communibus,
677 754 807 805 qualia
838 757 928 792 sunt
957 754 1070 802 Diog.
1093 754 1124 800 I,
1150 757 1199 790 50
1233 748 1305 790 ἅλα
1329 749 1395 790 καὶ
1418 747 1572 801 κύαμον

151 823 222 871 (=
241 823 330 860 Zen.
353 823 384 869 I,
408 823 477 871 25)
509 822 599 859 dum
631 822 782 861 Schotti
813 822 1075 861 coniecturam
1108 823 1155 859 ab
1189 822 1294 859 omni
1326 823 1437 870 parte
1468 835 1571 859 com-

149 891 333 940 probauit
363 893 402 928 et
431 890 515 928 cod.
537 891 578 927 M
610 891 663 937 ΙΙ,
687 886 747 941 (ιγ’
788 894 827 929 et
863 891 944 928 cod.
977 890 1091 927 Laur.
1132 889 1172 940 (i.
1196 902 1228 927 e.
1260 889 1343 927 eius
1373 889 1458 927 loeo
1490 890 1570 927 cod.

150 959 373 996 2-—1—20
405 972 468 996 no.
493 959 543 996 70
575 960 676 1008 apud
701 959 850 1009 Graux)
882 959 948 1010 qui
975 958 1198 1008 praefigunt
1228 956 1269 995 οἷ
1290 954 1377 1008 περὶ
1403 952 1474 995 ἅλα
1505 955 1571 995 καὶ

151 1023 333 1075 κύμινον,
374 1031 442 1065 aut
472 1026 637 1075 Diogen.
661 1028 715 1074 II,
741 1031 790 1064 68
812 1045 869 1059 =
889 1027 998 1065 Bodl.
1024 1030 1118 1073 199,
1151 1027 1219 1078 qui
1250 1029 1450 1076 praestant
1479 1021 1570 1082 “AQ-

149 1093 290 1143 μοδίου
328 1092 460 1143 μέλος·
504 1092 582 1133 ἐπὶ
615 1096 705 1132 τῶν
737 1096 963 1133 σκολιῶν.
1026 1090 1174 1132 Σκολιᾶ
1206 1089 1278 1145 γάρ
1311 1091 1403 1143 μέλη
1434 1085 1503 1147 ᾖδε
1535 1089 1571 1146 †’

148 1163 212 1201 uel
241 1164 282 1200 in
313 1164 423 1202 Bodl.
455 1163 593 1201 melius
632 1165 820 1220 ‘Tononita
856 1158 928 1215 γάρ
970 1160 1048 1201 ἐστὶ
1090 1158 1135 1200 τοὶ
1176 1160 1230 1208 εἷς
1257 1156 1468 1213 Ἁρμόδιον
1506 1160 1570 1198 καὶ

84 1238 86 1240 ’
139 1225 339 1280 ’Ἄδμητον
371 1229 463 1281 μέλη
495 1227 631 1269 σκολιά
662 1245 693 1270 e.
714 1247 750 1284 q.
768 1230 827 1280 s.',
871 1233 961 1270 dum
994 1232 1077 1270 sine
1109 1232 1226 1269 dubio
1269 1237 1307 1270 et
1337 1245 1387 1269 ex
1419 1244 1571 1269 conexu

146 1302 307 1349 propter
346 1300 506 1338 alteram
546 1300 850 1350 explicationem
894 1313 994 1352 quae
1035 1303 1094 1338 est
1133 1296 1232 1343 τινὲς
1272 1295 1312 1336 δὲ
1343 1294 1429 1335 κατ’
1466 1294 1570 1335 ἀντί-

146 1379 292 1417 φρασιν
329 1365 513 1419 εἰρῆσθαι
550 1365 729 1419 λέγουσιν
772 1364 833 1406 ὅτι
872 1364 989 1421 ῥᾴδια
1028 1365 1093 1405 καὶ
1134 1363 1353 1419 ὀλιγόστιχα
1395 1361 1448 1412 ὥς
1487 1364 1568 1404 ἔπι-

147 1431 362 1486 γροὲμματα.
424 1431 496 1473 Διό
538 1433 605 1473 καὶ
648 1434 709 1474 ἐπὶ
753 1438 828 1474 τῶν
869 1435 1018 1490 ῥᾳδίων
1058 1434 1242 1487 εἰρῆσθαι
1283 1433 1480 1487 λέγουσιν,
1531 1439 1571 1473 et

145 1504 275 1541 uerbis
305 1504 446 1542 Suidae
484 1519 512 1542 s.
535 1518 571 1543 v.
605 1505 651 1542 de
689 1506 761 1543 hac
799 1519 841 1543 re
883 1505 1048 1544 conlatis
1087 1505 1341 1556 consequitur
1379 1504 1565 1553 scriptum

144 1572 265 1610 fuisse
286 1573 496 1624 aliquando
529 1570 591 1610 ἐπὶ
624 1574 701 1610 τῶν
733 1569 945 1611 δυσκόλων.
1005 1574 1068 1611 Sic
1098 1573 1267 1622 plurima
1296 1572 1564 1618 inueniuntur,

144 1640 299 1690 iamque
339 1640 429 1678 inde
469 1643 572 1693 quod
613 1642 774 1691 scriptio
814 1642 957 1680 codicis
987 1642 1018 1679 B
1060 1642 1173 1679 modo
1213 1643 1292 1679 huc
1329 1641 1441 1678 modo
1472 1640 1566 1678 illuc

142 1708 323 1756 inclinat,
356 1722 416 1747 res
446 1709 514 1746 illa
545 1710 821 1757 confirmatur,
853 1710 926 1748 etsi
959 1710 1155 1749 interdum
1189 1710 1270 1747 cod.
1295 1710 1324 1746 B
1356 1709 1440 1758 ipsa
1471 1708 1563 1745 Dio—

144 1776 313 1824 geniani‚
343 1781 410 1816 aut
441 1779 563 1816 nostri
597 1783 663 1816 aut
693 1783 826 1817 nostro
859 1778 1008 1825 similis,
1039 1778 1183 1816 codicis
1213 1777 1381 1826 uestigia
1412 1777 1564 1826 premit,

130 1844 252 1896 'cuius
291 1846 347 1883 rei
387 1846 575 1884 nonnulla
615 1847 798 1896 exempla
837 1848 913 1884 iam
954 1846 1110 1895 protuli.
1171 1847 1310 1897 Neque
1340 1845 1564 1894 saepissime

143 1911 417 1961 intellegimus,
449 1927 517 1952 cur
547 1916 628 1952 cod.
651 1915 682 1951 P
713 1915 923 1964 prouerbia
953 1915 1143 1965 quaedam
1174 1914 1359 1960 omiserit,
1390 1913 1465 1950 nisi
1497 1925 1563 1949 ne-

144 1992 278 2027 gamus
308 1994 352 2018 ea
382 1982 422 2018 in
454 1983 666 2032 archetypo
698 1983 817 2021 fuisse
849 1983 915 2020 sed
947 1995 997 2019 ex
1018 1982 1232 2031 exemplari
1255 1981 1490 2030 Diogeniani
1522 1981 1564 2017 in

144 2049 225 2086 eod.
248 2049 278 2085 B
311 2035 432 2088 inlata
463 2063 566 2097 esse,
608 2054 763 2100 praeter
792 2051 887 2089 talia
917 2050 1119 2097 uidelicet,
1152 2063 1251 2101 quae
1283 2050 1314 2087 si
1346 2049 1564 2098 complures

144 2117 305 2154 eandem
345 2118 628 2157 conlectionem
666 2119 972 2166 transscribunt‚
1016 2132 1117 2156 unus
1147 2119 1294 2157 alterue
1325 2131 1404 2156 non
1434 2121 1564 2167 potest

143 2197 222 2221 non
262 2186 452 2224 omittere.
513 2187 575 2225 Sic
619 2200 639 2225 e
683 2187 924 2237 prouerbiis,
970 2200 1069 2238 quae
1110 2187 1151 2224 in
1194 2188 1276 2224 cod.
1308 2187 1339 2223 B
1379 2186 1563 2234 leguntur

151 2255 408 2302 1622—192‚
449 2254 600 2292 nullum
629 2255 671 2292 in
702 2256 783 2293 cod.
806 2257 837 2293 P
868 2256 1089 2302 inuenitur,
1129 2256 1317 2307 pleraque
1346 2255 1387 2291 in
1419 2253 1561 2302 Dioge-

143 2319 259 2358 niano
300 2322 423 2371 (adice
462 2336 483 2361 e
514 2324 596 2361 cod.
630 2323 798 2361 Vindob.
834 2324 875 2360 in
905 2323 1175 2361 breuissimam
1213 2324 1376 2360 formam
1405 2322 1560 2359 redacto

143 2387 174 2423 B
202 2378 290 2426 172.
312 2391 416 2440 174).
477 2391 628 2429 Deinde
650 2392 722 2430 etsi
745 2392 954 2430 multorum
986 2392 1211 2439 adagiorum
1233 2390 1561 2440 explicationibus

142 2455 287 2493 indicia
317 2458 388 2495 tibi
420 2459 651 2510 conquirere
690 2463 820 2509 potes,
865 2473 985 2496 unum
1016 2459 1166 2508 inspice
1197 2460 1226 2496 B
1254 2462 1328 2496 194
1361 2459 1408 2496 ad
1437 2458 1559 2496 Zeno-

142 2523 249 2560 bium
280 2524 325 2572 V,
349 2529 399 2562 46
432 2526 503 2576 (=
523 2527 619 2564 Mill.
642 2528 674 2574 I,
697 2522 774 2578 λθ’)
806 2528 1066 2577 exscriptum:
1109 2528 1306 2565 Praebent
1343 2530 1382 2565 et
1419 2527 1500 2564 cod.
1528 2527 1559 2563 P

143 2595 182 2630 et
211 2593 252 2629 M
283 2593 425 2631 lemma
443 2589 548 2631 ‘'Oooc
570 2596 669 2639 Μῦς
699 2593 740 2633 ἐν
767 2595 873 2649 Πίσῃ
904 2595 969 2633 uel
999 2594 1123 2648 Πίσσῃ
1154 2595 1358 2633 historiola
1388 2595 1558 2633 athletae

229 2662 288 2724 dl)
313 2687 345 2713 et
368 2683 598 2715 mutationibus
624 2694 706 2722 quae
730 2686 861 2715 eaedem
886 2688 960 2715 sunt
984 2687 1015 2715 et
1038 2685 1071 2714 in
1095 2685 1190 2723 Diog.
1209 2688 1241 2715 et
1263 2685 1340 2715 Zeu.
1366 2684 1419 2725 (cf.
1445 2684 1514 2714 eod.
1531 2685 1557 2712 B

142 2739 184 2769 60
209 2749 234 2769 e.
253 2738 299 2782 g.)
323 2742 377 2771 uel
403 2742 466 2773 536
492 2742 541 2781 [οι.
568 2742 602 2772 Μ
625 2742 685 2780 111,
711 2737 776 2782 ιδ’].
