1951 3203
856 179 1108 222 -g-

318 286 370 315 uel
394 285 479 314 Plut.
497 285 538 321 II,
557 285 576 314 8
603 307 608 311 .
630 308 635 313 .
657 307 662 312 .
682 277 796 322 ὥσπερ
813 279 869 314 τὸν
886 278 966 322 οἷλη-

272 339 431 382 λεσμένον
457 338 525 383 βίον
549 338 578 371 οἱ
596 336 654 380 μὲν
673 335 810 370 ἐπὶτῶν
827 335 967 378 πλάνητι

273 395 336 439 βίῳ
369 394 549 439 χρωμένων
581 392 839 435 προσεδέξαντο·
875 393 905 426 οἱ
929 391 967 427 δὲ

272 451 327 486 ἐπὶ
343 452 408 485 τῶν
421 447 666 492 ἀταλαιπώρως
683 448 851 493 βιούντων,
870 448 968 482 οἱονεὶ

273 505 564 550 κατειργασμένων
582 503 734 547 καὶπρὸς
746 503 873 547 τροφὴν
885 504 966 539 ἑτοί·
1003 506 1231 550 κατειργασμέ
1241 519 1255 539 ν
1267 518 1284 541 ο
1294 517 1310 539 ν
1333 505 1392 539 καὶ
1416 530 1591 538 ......
1618 505 1697 540 ἕτοι-

274 576 354 607 μων.
1004 574 1072 605 μον.

387 621 578 659 Omnibus
608 619 705 658 locis
736 620 881 658 codicis
913 621 952 656 Σ
978 622 1093 659 lectio
1126 620 1418 659 commendatur
1454 633 1546 669 prae
1575 620 1699 658 altera

273 690 328 729 ita
357 694 402 728 ut
431 690 667 738 archetypus
698 689 852 726 demum
890 689 992 727 idem
1026 702 1110 727 esse
1140 688 1274 738 possit.
1334 689 1438 725 Num
1467 688 1588 726 fuerit
1616 689 1698 737 ple-

273 758 361 796 nior
391 770 507 809 quam
537 758 619 795 cod.
642 757 684 804 L,
717 757 873 794 decerni
905 758 974 794 uix
1004 757 1159 807 poterit,
1192 756 1420 807 priusquam
1451 757 1533 794 cod.
1556 756 1588 793 L
1619 768 1700 793 me-

273 826 349 863 lius
388 824 710 874 innotuerit18);
751 825 876 863 adhuc
918 838 1166 878 nequaquam
1204 826 1280 863 hoc
1309 825 1436 862 uideo.
1497 825 1572 862 Sed
1602 824 1700 862 illud

276 897 335 932 est
372 894 621 943 perspicuum
662 893 819 931 illorum
852 894 1162 944 quattuordecim
1202 893 1500 942 prouerbiorum
1533 906 1700 944 quorum

274 963 458 1000 lemmata
486 962 528 999 in
559 961 600 998 M
631 965 787 1008 extant,
829 962 915 1010 ipsa
945 962 986 999 in
1016 963 1146 1000 fronte
1177 961 1267 999 libri
1299 961 1459 1000 alterius
1498 961 1702 1011 perierunt

1236 281 1314 311 cod.
1341 279 1384 319 Σ,
1411 282 1468 311 91;

1410 333 1694 379 βαλάνητιῙἾ)

276 1044 349 1069 nec
386 1030 516 1068 uolam
556 1042 628 1067 nec
667 1030 876 1079 uestigium
918 1030 958 1067 in
990 1031 1165 1068 codicum
1197 1030 1229 1066 L
1261 1032 1300 1068 et
1335 1044 1359 1067 α
1389 1030 1602 1081 archetypo
1634 1043 1701 1067 ex-

276 1099 420 1146 titisse,
465 1098 557 1150 quia
589 1098 732 1136 codicis
764 1099 795 1135 L
835 1098 1025 1137 conlectio
1057 1099 1180 1137 altera
1211 1098 1341 1136 statim
1373 1111 1394 1136 a
1423 1111 1532 1148 prov.
1561 1101 1608 1136 15
1641 1098 1701 1136 in-

224 1190 226 1193 ·
276 1167 373 1217 cipit
410 1179 539 1218 neque
574 1179 596 1204 a
628 1165 799 1204 Grauxio
842 1167 888 1204 de
926 1166 1004 1204 illis
1045 1167 1258 1219 quidquam
1299 1167 1341 1204 in
1380 1167 1462 1205 cod.
1497 1167 1534 1203 Σ
1569 1179 1702 1216 reper-

275 1241 358 1275 tum
388 1239 456 1273 est.

390 1305 522 1354 Atque
560 1306 604 1341 ut
640 1303 796 1341 redeam
837 1304 883 1340 ad
925 1303 1195 1354 quaestionem
1234 1304 1280 1341 de
1311 1304 1391 1341 cod.
1415 1303 1447 1340 L
1478 1315 1596 1353 supra
1624 1302 1702 1340 iam

276 1375 484 1422 peractam,
515 1384 620 1409 nunc
649 1384 669 1408 e
702 1372 782 1409 cod.
808 1372 845 1407 Σ
873 1372 1144 1420 cognoscimus
1176 1373 1255 1421 (no.
1279 1372 1348 1421 44)
1381 1371 1475 1410 satis
1507 1383 1703 1422 superque

277 1440 446 1490 primum
468 1444 507 1477 et
527 1439 692 1477 alterum
709 1439 774 1489 ¹9)
807 1439 904 1477 illud
927 1453 949 1477 a
970 1440 1157 1477 Fresenio
1191 1440 1243 1490 (p.
1270 1439 1337 1489 44)
1369 1440 1541 1478 adlatum
1572 1452 1702 1478 exem-

277 1508 385 1558 plum
416 1508 681 1557 comprobari:
712 1509 904 1558 praebent
935 1508 1038 1546 enim

448 1574 527 1604 eod.
553 1575 585 1604 M
610 1585 641 1614 p.
659 1576 735 1613 376,
763 1578 803 1606 14
989 1575 992 1604 ἰ
1132 1575 1210 1606 cod.
1233 1576 1260 1605 L
1286 1588 1330 1602 =
1355 1573 1398 1612 Σ,
1426 1576 1492 1607 3122
1515 1575 1591 1605 infr.

277 1627 457 1672 Ἀνάγυρον
475 1633 585 1668 κινεῖς.
611 1628 758 1671 παρόσον
772 1633 826 1670 2⁰)
844 1629 899 1664 τὸν
917 1629 972 1664 τά·
988 1610 1188 1673 ΙἈνάγυρον
1214 1634 1333 1668 κινεῖς·
1360 1628 1416 1664 τὸν
1440 1628 1503 1672 γὰρ
1518 1631 1574 1670 ⁹⁰)
1599 1628 1704 1673 τάφον

281 1698 341 1726 φον
367 1712 372 1717 .
401 1709 409 1717 .
435 1711 442 1718 .
470 1712 475 1717 .
503 1683 714 1729 ὑπέστησαν
1011 1712 1017 1719 .
1044 1711 1051 1718 .
1078 1714 1084 1720 .
1113 1713 1118 1718 .
1147 1684 1357 1729 ὖπέστησανε
1384 1685 1455 1720 ἔστι
1480 1685 1518 1720 δὲ
1541 1682 1707 1728 οἷνάγυρος

1010 1743 1067 1777 καὶ
1085 1741 1173 1782 εἶδος
1190 1742 1326 1784 δένδρου
1343 1740 1517 1784 δυσόσμου
1541 1742 1603 1783 (Σε
1627 1744 1705 1776 δυσ-

1011 1798 1133 1840 ώδους)

394 1880 510 1911 deinde
535 1882 604 1911 cod.
630 1881 663 1910 M
687 1891 719 1920 p.
738 1882 812 1918 380,
840 1882 869 1911 3.
1182 1880 1261 1911 Cod.
1285 1880 1313 1909 L
1338 1893 1383 1906 =
1409 1877 1452 1917 Σ,
1477 1881 1531 1911 44.

279 1935 395 1970 τούτου
421 1939 481 1975 (sc.
498 1934 641 1977 Βούτου)
667 1935 705 1970 δὲ
724 1934 761 1969 τὸ
779 1935 898 1976 κράνος
921 1935 978 1969 καὶ

281 1993 310 2027 οἱ
335 1989 506 2036 ὄφῗὲαλμοὶ
531 1990 623 2034 μόνοι
648 1991 837 2036 ἐφαίνοντο,
874 1990 914 2026 τοὶ
941 1991 979 2027 δὲ
1058 1991 1098 2026 τὰ
1124 1990 1162 2026 δὲ
1187 1989 1281 2025 λοιποὶ
1307 1989 1463 2026 ἐδόκει
1489 1988 1549 2025 ὑπ’
1576 1986 1706 2034 ὅρους

281 2047 373 2082 λοιπὰ
399 2047 616 2090 κρύπτεσθαι.
1014 2046 1232 2091 κρύπτεσὲἲαι.

373 2129 427 2171 17)
454 2129 502 2160 Cf.
527 2129 674 2160 Eustath.
704 2129 802 2166 1859,
828 2130 883 2166 47,
908 2129 962 2167 qui
986 2139 1058 2159 cum
1083 2128 1201 2159 codicis
1227 2126 1260 2159 Σ
1285 2128 1446 2167 scriptura
1471 2128 1629 2166 congruit.

374 2188 428 2225 18)
462 2188 546 2216 Ante
580 2186 689 2215 omnia.
713 2190 860 2224 putarem
894 2195 946 2216 no.
967 2186 1055 2223 82³,
1093 2185 1264 2214 oriundum
1289 2195 1359 2214 esse
1385 2195 1425 2214 ex
1451 2185 1627 2224 archetypo
1653 2195 1705 2215 co-

282 2243 388 2273 dicum
413 2243 439 2272 L
466 2247 497 2273 et
522 2253 542 2274 α
577 2244 633 2281 (cl.
659 2243 728 2272 cod.
755 2243 833 2273 Mill.
860 2243 910 2281 11,
937 2239 990 2279 ος’
1026 2260 1068 2264 -
1105 2242 1180 2271 hinc
1214 2242 1368 2280 suppleas
1403 2242 1477 2271 adn.
1507 2243 1582 2281 l4);
1618 2246 1706 2273 extat

282 2301 380 2331 etiam
413 2301 445 2330 in
480 2301 594 2330 ceteris
628 2299 792 2330 codicibus
824 2299 945 2330 Zenob.
972 2300 1008 2329 P.
1026 2301 1053 2329 B
1090 2303 1121 2329 et
1152 2299 1184 2328 in
1210 2298 1322 2337 Steph.
1346 2299 1383 2329 B.
1411 2309 1443 2328 v.
1469 2297 1564 2339 Θρῖα.
1614 2299 1707 2330 Unde

283 2357 369 2387 enim
403 2357 540 2395 scriptor
571 2357 650 2386 illud
681 2361 791 2394 petere
816 2357 937 2394 potuit,
972 2357 1124 2394 quoniam
1147 2359 1262 2394 postea
1285 2355 1407 2385 Zenob.
1433 2356 1576 2385 codicem
1600 2356 1626 2385 P
1651 2357 1707 2386 ad-

283 2413 391 2449 hibet,
417 2414 478 2442 nisi
502 2423 540 2443 ex
564 2414 621 2442 illo
646 2413 848 2451 archetypo?
896 2412 1031 2451 Recepit
1055 2413 1136 2442 illud
1154 2412 1268 2441 Suidas
1287 2421 1425 2449 quoque,
1451 2412 1536 2442 unde
1553 2422 1572 2441 a
1588 2413 1707 2443 codicis

283 2467 316 2500 Σ
341 2469 497 2506 scriptore
522 2470 658 2507 petitum
692 2480 756 2500 non
782 2480 852 2500 esse
877 2479 970 2508 prov.
998 2469 1196 2499 consuetudo
1221 2469 1316 2498 huius
1340 2469 1480 2498 auctoris
1506 2469 1705 2508 comprobat,

284 2526 339 2564 qui
373 2525 472 2555 uerba
504 2526 571 2555 fere
605 2537 669 2556 non
701 2530 824 2556 mutata
860 2517 1022 2556 describit.
1073 2525 1187 2555 Suidas
1221 2529 1327 2555 autem
1360 2529 1506 2555 nostrum
1538 2526 1644 2555 locum
1673 2526 1707 2555 in

283 2583 466 2612 breuiorem
491 2582 626 2611 formam
651 2583 788 2620 redegit.

377 2640 432 2677 19)
457 2638 495 2668 de
520 2640 614 2668 tertio
639 2639 720 2668 nihil
747 2639 856 2668 Graux
891 2639 1075 2677 adnotaffit,
1112 2639 1186 2676 quia
1211 2647 1288 2668 sane
1313 2638 1431 2667 nullius
1455 2637 1615 2676 grauioris
1639 2647 1706 2668 1110-

284 2696 384 2726 menti
410 2699 468 2725 est.
794 2687 799 2691 ’

376 2749 432 2792 20)
458 2751 555 2780 hocce
579 2750 772 2780 uocabulum
807 2756 855 2782 est
890 2753 990 2783 mirae
1023 2752 1148 2781 librarii
1180 2752 1212 2782 M
1245 2750 1468 2781 consuetudini
1499 2750 1706 2781 trIbuendum

284 2818 344 2848 pro
369 2804 453 2850 γάρε
479 2807 520 2838 cf.
539 2807 671 2838 Fresen.
697 2817 728 2846 p.
747 2809 801 2838 41.
