1951 3203
700 188 981 231 -33—

127 291 263 330 iuncta
291 286 393 348 μηδ’
424 286 509 340 εἰκῆ
538 286 610 341 τήν
632 286 808 342 ’Ἄβυδον
839 287 996 330 πατεῖν’.
1060 291 1263 343 παροιμία,
1296 289 1467 330 τουτέστι
1499 287 1552 343 μή

127 361 394 411 καταθαρρεῖν
427 355 550 408 αὐτῆς
582 357 808 410 ἐπιβαίνειν.
868 355 1104 410 λαμβάνεται
1135 358 1176 398 δὲ
1206 358 1271 398 καὶ
1304 358 1367 398 ἐπὶ
1397 362 1472 398 τῶν
1503 359 1551 398 εἷ-

125 428 258 466 καίων.
320 425 360 464 οἵ
394 424 434 464 δὲ
475 423 545 476 τὴν
585 425 625 466 ἐν
666 425 833 482 Μιλήτῳ
874 428 905 478 (ἓ
924 426 965 466 ἐκ
1006 424 1190 477 Μιλήτου
1228 430 1278 467 Η.
1310 429 1551 480 Stephanus)

127 491 303 545 ’Ἄβυδον
344 493 541 539 οἰκοῦντες
584 491 828 544 διεβάλλοντο
871 493 932 533 ἐπὶ
977 495 1221 549 συκοφαντίᾳ
1263 495 1328 534 καὶ
1369 498 1550 551 μαλακίᾳ.

128 565 297 602 alterum
330 563 585 615 subsequitur
614 561 771 620 ζλέγεται
803 561 870 602 καὶ
900 560 942 602 τό
974 559 1195 613 Ἀβυδηνόν
1227 562 1455 617 ἐπιφόρημα
1486 564 1552 604 ἐπὶ

125 634 200 669 τῶν
223 627 377 680 ἆηδῶν.’
413 655 467 659 -
499 633 684 670 Alterum
714 632 985 671 tantummodo
1016 632 1165 681 iegitur
1193 633 1235 670 in
1264 634 1357 672 Zen.
1380 635 1413 681 Ι,
1440 638 1456 672 l
1493 636 1550 684 (M

125 701 158 748 1,
181 696 265 750 ξε’);
299 701 365 738 sed
389 701 505 738 ualde
529 701 729 738 confusam
753 715 836 739 esse
859 701 1166 751 explicationem
1197 701 1316 739 huius
1347 703 1551 753 prouerbii

125 781 230 806 nunc
262 769 411 815 elucet,
452 768 530 806 nisi
560 769 638 807 iam
669 769 822 819 pridem
854 769 1018 807 miratus
1050 772 1109 807 est
1140 770 1354 821 quispiam,
1397 785 1473 822 qua
1503 772 1551 809 de

126 850 242 875 eausa
272 831 489 886 Ἀβυδηνὸν
521 833 752 887 ἐπιφόρημα
791 839 839 875 de
871 838 1125 888 sycophantis
1168 841 1271 875 esset
1306 839 1549 891 diotum62).

125 905 248 943 Recte
278 908 491 956 utrumque
522 919 634 955 prov.
667 905 899 944 distinctum
928 909 1167 956 receperunt
1198 909 1237 944 et
1262 906 1433 956 Diog.1‚
1460 911 1477 945 1
1513 912 1553 946 et

125 974 195 1021 VI,
220 974 355 1024 53⁶3)
386 975 505 1024 (unde
536 975 567 1011 B
591 974 688 1022 658)
727 976 982 1025 quamobrem
1013 974 1075 1012 hjs
1106 974 1203 1012 locis
1235 988 1374 1013 uerum
1404 976 1550 1024 Dioge-

124 1042 298 1089 nianum,
322 1042 384 1080 cui
400 1042 546 1080 licebat
563 1042 694 1092 ipsum
711 1043 909 1080 Lucillum
927 1042 1115 1080 adhibere
1138 1043 1245 1092 (uide
1263 1043 1377 1092 Diog.
1397 1045 1550 1095 praefi),

125 1111 284 1149 subesse
306 1110 490 1148 existimo
514 1113 553 1148 et
574 1114 710 1148 auctor
730 1110 852 1149 lexici
874 1111 994 1148 Bekk.
1020 1111 1076 1148 VI
1100 1111 1153 1161 (p.
1174 1115 1266 1158 322,
1291 1111 1381 1162 31):
1413 1108 1547 1162 Ἀβυ-

125 1174 370 1227 δοκόμηςε
403 1173 426 1215 ὅ
457 1176 519 1216 ἐπὶ
553 1179 604 1231 τῷ
636 1182 899 1227 συκοφαντεῖν
930 1179 1062 1228 κομῶν
1094 1179 1314 1231 (hucusque
1345 1181 1549 1231 pertinent

79 1250 81 1252 ’
123 1246 317 1297 Hesychii
347 1246 507 1298 uerba)·
541 1249 711 1284 τοιοῦτοι
744 1243 815 1298 γάρ
849 1246 889 1285 οἵ
915 1242 1136 1297 Ἀβυδηνοί.
1186 1246 1252 1285 καὶ
1284 1243 1309 1297 ἦ
1340 1250 1549 1299 παροιμία·

125 1309 184 1363 μὴ
216 1313 325 1363 εἰκῆ
357 1310 696 1364 τῆν’Ἀβυὸον·
742 1307 765 1369 ᾗ
798 1314 964 1365 ἐχρῶντο
998 1313 1061 1353 ἐπὶ
1092 1317 1169 1353 τῶν
1201 1314 1358 1354 είκαίων
1388 1316 1453 1355 καὶ
1484 1315 1552 1356 οὐ-

125 1381 320 1432 δαμινῶν;
353 1387 413 1422 est
441 1385 540 1422 haec
571 1384 769 1422 sententia
793 1384 1024 1431 Pausaniae,
1060 1398 1176 1436 quam
1208 1386 1441 1435 pronuntiat
1471 1388 1551 1425 Eu-

125 1450 295 1489 stathjus
338 1465 375 1501 p.
400 1452 477 1489 357
511 1451 623 1490 init:
672 1452 966 1497 Παυσανίας
1007 1449 1046 1490 δὲ
1090 1450 1155 1489 καὶ
1198 1455 1411 1504 παροιμίαν
1451 1449 1549 1493 εἶναι

122 1516 220 1570 λέγει
249 1515 314 1575 ιμή
346 1518 430 1569 εἰκῆ
461 1515 527 1569 τὴν
556 1515 615 1557 Ἀ.’
652 1512 677 1574 «ᾗ
710 1519 874 1570 ἐχρῶντο
906 1519 1027 1570 φησὶν
1060 1518 1123 1558 ἐπὶ
1154 1522 1231 1558 τῶν
1257 1519 1300 1558 εἰ.
1326 1536 1357 1559 κ..
1384 1519 1443 1561 οὐ.
1477 1537 1550 1562 nec

125 1587 263 1626 dubito
296 1588 391 1639 quin
423 1602 522 1639 quae
555 1591 676 1627 uerba
707 1590 946 1628 antecedunt
985 1590 1032 1628 de
1063 1584 1239 1641 ’Ἄβυδος
1270 1594 1310 1628 et
1339 1585 1550 1639 Ἀβυδοκό-

125 1669 200 1704 μης
230 1656 357 1694 eidem
387 1657 606 1695 Pausaniae
638 1658 967 1707 t1-ibuantur64),
1011 1671 1098 1696 cum
1138 1658 1373 1708 praesertim
1415 1661 1550 1698 eadem

124 1724 207 1761 fere
245 1726 367 1763 uerba
409 1728 449 1763 et
487 1725 527 1763 in
560 1725 759 1776 Suidassf’)
803 1726 843 1775 (i.
868 1740 899 1765 e.
932 1725 1120 1776 Photio?)
1160 1730 1199 1764 et
1228 1727 1306 1765 lex.
1338 1728 1459 1767 Bekk.
1491 1729 1549 1767 VI

217 1908 273 1945 62)
306 1908 379 1937 Non
405 1907 569 1937 adsentior
594 1908 769 1937 Leutschio
795 1908 835 1937 ad
860 1909 938 1937 Zen.
966 1908 1000 1944 I,
1028 1909 1043 1937 1
1073 1907 1241 1937 adnotanti
1265 1907 1408 1952 εεῖρηται
1432 1927 1473 1931 —-
1501 1907 1548 1947 ξέ-

125 1962 212 2005 νους]
239 1973 433 2002 quamquam
458 1964 630 2002 prouerbio
647 1958 801 2007 ’Ἄβυδός
819 1962 905 1996 ἐστιν
931 1965 1014 1994 hanc
1031 1965 1280 2003 explicationem
1305 1966 1465 2006 (Apostol.
1484 1967 1509 2003 Ι,
1530 1969 1548 1997 2

125 2022 241 2051 Arsen.
266 2021 350 2050 Viol.
375 2031 404 2060 p.
428 2020 482 2062 11)
508 2021 595 2051 Suid.
623 2033 647 2052 s.
669 2032 700 2051 v.
720 2015 890 2062 ”Αβυδος,
916 2021 1022 2051 Bekk.
1048 2021 1169 2052 Aneed.
1196 2022 1220 2058 I,
1246 2031 1278 2060 p.
1298 2024 1380 2059 215,
1407 2024 1425 2053 5
1451 2024 1548 2062 adpo-

124 2081 220 2114 nunt,
255 2088 326 2108 eam
350 2081 457 2108 tamen
484 2079 541 2116 (sc.
567 2073 639 2120 Ἀβ.
666 2075 877 2119 ἐπιφόρημα)
902 2081 987 2108 recte
1012 2082 1123 2108 nostro
1149 2078 1268 2117 adponi
1290 2083 1420 2117 praeter
1444 2080 1548 2119 Hesy-

121 2135 228 2164 chium
254 2136 346 2165 docet
370 2134 488 2166 Athen.
515 2145 547 2174 p.
567 2137 629 2165 641
648 2129 699 2165 A.'
750 2136 792 2164 At
816 2135 1000 2173 Hesychius
1025 2139 1171 2165 nostrum
1196 2136 1332 2165 Zenobii
1356 2137 1425 2166 cod.
1444 2137 1468 2166 P
1494 2138 1548 2167 de-

124 2192 262 2230 scripsit,
288 2193 376 2222 uelut
400 2193 570 2231 permultis
596 2193 667 2223 aliis
692 2192 784 2230 locis,
810 2196 905 2229 atque
931 2193 1090 2222 Athenaei
1116 2195 1237 2231 auctor,
1264 2193 1432 2232 Aristides,
1463 2196 1549 2233 quod

124 2248 220 2278 aliam
245 2258 377 2287 prorsus
403 2250 651 2288 explicationem
677 2249 774 2286 dedit,
800 2250 880 2278 nihil
905 2249 945 2279 ad
970 2259 1047 2279 rem.

216 2307 272 2344 63)
298 2306 375 2336 Cod.
402 2306 499 2336 Coisl.
526 2310 558 2337 et
581 2307 702 2336 Macar.
728 2306 889 2336 diuersam
914 2306 1214 2345 interpretationem
1239 2306 1411 2345 exhibent,
1437 2308 1546 2338 nescio

122 2362 218 2392 unde.

217 2419 273 2457 64)
298 2417 383 2459 φασὶ
406 2420 491 2450 enim
517 2420 700 2459 significare
725 2422 851 2458 potest,
887 2422 1058 2457 utrumque
1084 2422 1266 2458 auctorem,
1293 2421 1362 2451 Ael.
1390 2421 1488 2452 Dion.
1516 2426 1546 2452 et

124 2476 275 2514 Pansam,
302 2476 381 2505 haec
397 2486 512 2515 provv.
532 2488 638 2516 nosse,
664 2477 739 2506 dum
763 2477 892 2507 tertium
918 2473 976 2523 (μὴ
1005 2474 1080 2517 εἰκῆ
1106 2474 1166 2517 τὴν
1185 2471 1343 2519 ”Αβυδον’
1367 2478 1546 2509 Pausanias

124 2534 213 2563 solus
237 2532 283 2562 eis
307 2533 413 2562 adicit.

217 2591 274 2628 65)
295 2590 380 2628 apud
405 2589 535 2619 Suidam
560 2601 584 2620 s.
603 2601 636 2620 v.
654 2584 804 2633 ’Ἄβυδος
837 2591 974 2620 fortasse
1000 2590 1080 2620 duae
1106 2599 1202 2620 uoces
1220 2585 1369 2633 ’Ἄβυδος
1393 2595 1425 2622 et
1449 2587 1544 2633 Ἀβυ-

125 2643 278 2687 δοκόμης
308 2647 340 2676 in
365 2656 462 2676 unam
487 2647 678 2677 commixtae
703 2652 787 2678 sunt.
821 2665 864 2669 —
902 2647 1053 2677 Ceterum
1085 2657 1116 2676 v.
1140 2642 1325 2689 Ἀβυδηνὸν
1350 2645 1546 2690 ἐπιφόρημα

125 2712 196 2732 curn
219 2703 349 2733 Nabero
375 2702 418 2744 (p.
440 2703 517 2744 166)
543 2714 606 2733 non
632 2704 743 2734 dubito
769 2705 873 2735 eidem
897 2704 996 2741 fonti,
1024 2704 1225 2742 Pausaniae,
1251 2704 1449 2743 adtribuere,
1485 2705 1545 2735 etsi

126 2759 311 2790 Eustathius
335 2760 374 2790 de
399 2761 459 2790 hac
483 2771 516 2791 re
544 2761 624 2790 nihil
649 2761 798 2791 seruauit.

1249 2823 1270 2856 3
