<?xml version="1.0" encoding="UTF-8"?>
<!DOCTYPE html PUBLIC "-//W3C//DTD XHTML 1.0 Transitional//EN"
    "http://www.w3.org/TR/xhtml1/DTD/xhtml1-transitional.dtd">
<html xmlns="http://www.w3.org/1999/xhtml" xml:lang="en" lang="en">
 <head>
  <title>
</title>
<meta http-equiv="Content-Type" content="text/html;charset=utf-8" />
  <meta name='ocr-system' content='tesseract 3.04.00' />
  <meta name='ocr-capabilities' content='ocr_page ocr_carea ocr_par ocr_line ocrx_word'/>
</head>
<body>
  <div class='ocr_page' id='page_1' title='image "./deparoemiographi00warnuoft_0026.png"; bbox 0 0 1951 3203; ppageno 0'>
   <div class='ocr_carea' id='block_1_1' title="bbox 945 108 1227 151">
    <p class='ocr_par' dir='ltr' id='par_1_1' title="bbox 945 108 1227 151">
     <span class='ocr_line' id='line_1_1' title="bbox 945 108 1227 151; baseline 0 -13"><span class='ocrx_word' id='word_1_1' title='bbox 945 108 1227 151; x_wconf 64' lang='lat'>„18—</span> 
     </span>
    </p>
   </div>
   <div class='ocr_carea' id='block_1_2' title="bbox 426 207 1650 310">
    <p class='ocr_par' dir='ltr' id='par_1_2' title="bbox 426 207 1650 310">
     <span class='ocr_line' id='line_1_2' title="bbox 590 207 1650 274; baseline 0.005 -33"><span class='ocrx_word' id='word_1_2' title='bbox 590 210 595 272; x_wconf 65' lang='grc' dir='ltr'>Ι</span> <span class='ocrx_word' id='word_1_3' title='bbox 667 213 706 241; x_wconf 84' lang='grc'>21</span> <span class='ocrx_word' id='word_1_4' title='bbox 781 210 786 273; x_wconf 56' lang='lat' dir='ltr'>l</span> <span class='ocrx_word' id='word_1_5' title='bbox 814 212 866 241; x_wconf 91' lang='grc'>22.</span> <span class='ocrx_word' id='word_1_6' title='bbox 892 207 1133 252; x_wconf 73' lang='grc' dir='ltr'>Ἀληλεσμένον</span> <span class='ocrx_word' id='word_1_7' title='bbox 1159 209 1226 254; x_wconf 77' lang='grc' dir='ltr'><strong>βίον</strong></span> <span class='ocrx_word' id='word_1_8' title='bbox 1251 223 1281 244; x_wconf 86' lang='grc' dir='ltr'>κ.</span> <span class='ocrx_word' id='word_1_9' title='bbox 1309 222 1342 252; x_wconf 88' lang='grc' dir='ltr'>μ.</span> <span class='ocrx_word' id='word_1_10' title='bbox 1369 212 1400 254; x_wconf 83' lang='grc' dir='ltr'>β.</span> <span class='ocrx_word' id='word_1_11' title='bbox 1497 207 1547 272; x_wconf 76' lang='lat'>{17</span> <span class='ocrx_word' id='word_1_12' title='bbox 1565 209 1650 274; x_wconf 80' lang='grc' dir='ltr'>(18)Ι</span> 
     </span>
     <span class='ocr_line' id='line_1_3' title="bbox 426 261 1594 310; baseline 0.007 -16"><span class='ocrx_word' id='word_1_13' title='bbox 426 270 452 304; x_wconf 78' lang='grc' dir='ltr'>ι,</span> <span class='ocrx_word' id='word_1_14' title='bbox 479 264 517 306; x_wconf 62' lang='grc' dir='ltr'>ιξ</span> <span class='ocrx_word' id='word_1_15' title='bbox 622 264 777 306; x_wconf 76' lang='lat'>11‚41³·2)</span> <span class='ocrx_word' id='word_1_16' title='bbox 816 269 867 298; x_wconf 87' lang='lat'>23.</span> <span class='ocrx_word' id='word_1_17' title='bbox 891 261 1019 307; x_wconf 65' lang='grc' dir='ltr'>’Ἄλλην</span> <span class='ocrx_word' id='word_1_18' title='bbox 1043 267 1123 307; x_wconf 68' lang='grc' dir='ltr'>δρῦν</span> <span class='ocrx_word' id='word_1_19' title='bbox 1149 263 1302 310; x_wconf 69' lang='grc' dir='ltr'>βαλάνιζε</span> <span class='ocrx_word' id='word_1_20' title='bbox 1550 264 1594 302; x_wconf 84' lang='grc'>19</span> 
     </span>
    </p>
   </div>
   <div class='ocr_carea' id='block_1_3' title="bbox 397 317 1641 986">
    <p class='ocr_par' dir='ltr' id='par_1_3' title="bbox 397 317 1641 986">
     <span class='ocr_line' id='line_1_4' title="bbox 639 317 1595 366; baseline 0.006 -14"><span class='ocrx_word' id='word_1_21' title='bbox 639 324 717 360; x_wconf 91' lang='grc' dir='ltr'>Ι,22</span> <span class='ocrx_word' id='word_1_22' title='bbox 815 325 869 355; x_wconf 86' lang='grc'>24.</span> <span class='ocrx_word' id='word_1_23' title='bbox 897 317 1020 359; x_wconf 73' lang='grc' dir='ltr'>’Ἄλλος</span> <span class='ocrx_word' id='word_1_24' title='bbox 1044 321 1114 366; x_wconf 86' lang='grc' dir='ltr'><strong>βίος</strong></span> <span class='ocrx_word' id='word_1_25' title='bbox 1137 317 1223 364; x_wconf 78' lang='grc' dir='ltr'>α”λλη</span> <span class='ocrx_word' id='word_1_26' title='bbox 1247 321 1359 356; x_wconf 84' lang='grc' dir='ltr'>δίαιτα</span> <span class='ocrx_word' id='word_1_27' title='bbox 1548 321 1595 359; x_wconf 82' lang='lat'>20</span> 
     </span>
     <span class='ocr_line' id='line_1_5' title="bbox 674 374 1641 420; baseline -0.001 -9"><span class='ocrx_word' id='word_1_28' title='bbox 674 376 720 415; x_wconf 86' lang='lat'>23</span> <span class='ocrx_word' id='word_1_29' title='bbox 817 381 871 411; x_wconf 87' lang='grc'>25.</span> <span class='ocrx_word' id='word_1_30' title='bbox 896 375 1007 416; x_wconf 69' lang='grc' dir='ltr'>ΓἈλας</span> <span class='ocrx_word' id='word_1_31' title='bbox 1031 374 1122 420; x_wconf 79' lang='grc' dir='ltr'><strong>ἄγων</strong></span> <span class='ocrx_word' id='word_1_32' title='bbox 1148 378 1327 416; x_wconf 60' lang='grc' dir='ltr'>καὲεύδεις</span> <span class='ocrx_word' id='word_1_33' title='bbox 1508 383 1547 411; x_wconf 87' lang='grc'>21</span> <span class='ocrx_word' id='word_1_34' title='bbox 1568 381 1641 419; x_wconf 85' lang='grc'>(22)</span> 
     </span>
     <span class='ocr_line' id='line_1_6' title="bbox 677 430 1596 479; baseline 0.002 -13"><span class='ocrx_word' id='word_1_35' title='bbox 677 437 720 466; x_wconf 82' lang='grc'>24</span> <span class='ocrx_word' id='word_1_36' title='bbox 817 439 871 467; x_wconf 83' lang='grc'>26.</span> <span class='ocrx_word' id='word_1_37' title='bbox 897 430 1039 468; x_wconf 55' lang='lat' dir='ltr'>”Amore</span> <span class='ocrx_word' id='word_1_38' title='bbox 1063 431 1094 468; x_wconf 83' lang='grc' dir='ltr'>δ’</span> <span class='ocrx_word' id='word_1_39' title='bbox 1118 432 1246 468; x_wconf 64' lang='grc' dir='ltr'>ἀλλοῖον</span> <span class='ocrx_word' id='word_1_40' title='bbox 1269 446 1297 467; x_wconf 86' lang='grc' dir='ltr'>τ.</span> <span class='ocrx_word' id='word_1_41' title='bbox 1324 447 1354 468; x_wconf 81' lang='grc' dir='ltr'>κ.</span> <span class='ocrx_word' id='word_1_42' title='bbox 1379 447 1408 479; x_wconf 75' lang='grc' dir='ltr'>χ.</span> <span class='ocrx_word' id='word_1_43' title='bbox 1436 434 1452 468; x_wconf 79' lang='grc' dir='ltr'>ὲ</span> <span class='ocrx_word' id='word_1_44' title='bbox 1553 439 1596 468; x_wconf 83' lang='grc'>23</span> 
     </span>
     <span class='ocr_line' id='line_1_7' title="bbox 406 486 1626 535; baseline -0.002 -10"><span class='ocrx_word' id='word_1_45' title='bbox 406 490 518 535; x_wconf 85' lang='grc' dir='ltr'>11,μγ’</span> <span class='ocrx_word' id='word_1_46' title='bbox 677 493 720 523; x_wconf 84' lang='grc'>25</span> <span class='ocrx_word' id='word_1_47' title='bbox 818 495 871 524; x_wconf 90' lang='grc'>27.</span> <span class='ocrx_word' id='word_1_48' title='bbox 899 486 989 524; x_wconf 65' lang='grc' dir='ltr'>’Άλα</span> <span class='ocrx_word' id='word_1_49' title='bbox 1013 490 1071 524; x_wconf 81' lang='grc' dir='ltr'>καὶ</span> <span class='ocrx_word' id='word_1_50' title='bbox 1096 490 1223 533; x_wconf 77' lang='grc' dir='ltr'>κύαμον</span> <span class='ocrx_word' id='word_1_51' title='bbox 1525 494 1626 531; x_wconf 78' lang='grc'>5033)</span> 
     </span>
     <span class='ocr_line' id='line_1_8' title="bbox 679 545 1120 589; baseline 0.005 -10"><span class='ocrx_word' id='word_1_52' title='bbox 679 551 720 579; x_wconf 79' lang='grc'>26</span> <span class='ocrx_word' id='word_1_53' title='bbox 819 551 873 581; x_wconf 90' lang='grc'>28.</span> <span class='ocrx_word' id='word_1_54' title='bbox 900 547 959 587; x_wconf 79' lang='grc' dir='ltr'>Αἲξ</span> <span class='ocrx_word' id='word_1_55' title='bbox 984 545 1120 589; x_wconf 68' lang='grc' dir='ltr'>οὐρανία</span> 
     </span>
     <span class='ocr_line' id='line_1_9' title="bbox 680 603 1596 648; baseline 0 -12"><span class='ocrx_word' id='word_1_56' title='bbox 680 607 719 636; x_wconf 89' lang='grc'>27</span> <span class='ocrx_word' id='word_1_57' title='bbox 819 609 871 638; x_wconf 83' lang='grc'>29.</span> <span class='ocrx_word' id='word_1_58' title='bbox 899 603 960 643; x_wconf 83' lang='grc' dir='ltr'>Αἲξ</span> <span class='ocrx_word' id='word_1_59' title='bbox 983 603 1043 645; x_wconf 80' lang='grc' dir='ltr'>τήν</span> <span class='ocrx_word' id='word_1_60' title='bbox 1069 603 1236 648; x_wconf 74' lang='grc' dir='ltr'>μάχαιραν</span> <span class='ocrx_word' id='word_1_61' title='bbox 1555 608 1596 637; x_wconf 84' lang='grc'>52</span> 
     </span>
     <span class='ocr_line' id='line_1_10' title="bbox 821 658 1277 704; baseline 0 -10"><span class='ocrx_word' id='word_1_62' title='bbox 821 665 872 694; x_wconf 86' lang='grc'>30.</span> <span class='ocrx_word' id='word_1_63' title='bbox 897 658 1079 699; x_wconf 79' lang='grc' dir='ltr'>Ἀδώνιδος</span> <span class='ocrx_word' id='word_1_64' title='bbox 1103 662 1277 704; x_wconf 76' lang='grc' dir='ltr'>κῆπος35)</span> 
     </span>
     <span class='ocr_line' id='line_1_11' title="bbox 397 712 1597 759; baseline -0.002 -8"><span class='ocrx_word' id='word_1_65' title='bbox 397 722 455 753; x_wconf 79' lang='lat'>111.</span> <span class='ocrx_word' id='word_1_66' title='bbox 474 717 520 758; x_wconf 61' lang='grc' dir='ltr'>οξ</span> <span class='ocrx_word' id='word_1_67' title='bbox 679 717 723 754; x_wconf 82' lang='lat'>28</span> <span class='ocrx_word' id='word_1_68' title='bbox 821 722 873 750; x_wconf 85' lang='lat'>31.</span> <span class='ocrx_word' id='word_1_69' title='bbox 899 712 1073 758; x_wconf 75' lang='grc' dir='ltr'>’Ἄδακρυς</span> <span class='ocrx_word' id='word_1_70' title='bbox 1096 716 1243 759; x_wconf 80' lang='grc' dir='ltr'>πόλεμος</span> <span class='ocrx_word' id='word_1_71' title='bbox 1557 721 1597 750; x_wconf 85' lang='grc'>53</span> 
     </span>
     <span class='ocr_line' id='line_1_12' title="bbox 679 771 1204 816; baseline 0.002 -10"><span class='ocrx_word' id='word_1_72' title='bbox 679 774 724 811; x_wconf 78' lang='grc'>29</span> <span class='ocrx_word' id='word_1_73' title='bbox 821 777 874 806; x_wconf 87' lang='grc'>32.</span> <span class='ocrx_word' id='word_1_74' title='bbox 898 771 1069 807; x_wconf 75' lang='grc' dir='ltr'>Ἀδύνατα</span> <span class='ocrx_word' id='word_1_75' title='bbox 1094 774 1204 816; x_wconf 70' lang='grc' dir='ltr'>Ξτηρᾶς</span> 
     </span>
     <span class='ocr_line' id='line_1_13' title="bbox 678 826 1599 872; baseline 0 -10"><span class='ocrx_word' id='word_1_76' title='bbox 678 831 724 868; x_wconf 81' lang='lat'>30</span> <span class='ocrx_word' id='word_1_77' title='bbox 821 833 873 862; x_wconf 89' lang='grc'>33.</span> <span class='ocrx_word' id='word_1_78' title='bbox 898 826 1101 872; x_wconf 78' lang='grc' dir='ltr'>Ἀδράστεια</span> <span class='ocrx_word' id='word_1_79' title='bbox 1124 830 1275 872; x_wconf 78' lang='grc' dir='ltr'>Νέμεσις</span> <span class='ocrx_word' id='word_1_80' title='bbox 1557 834 1599 863; x_wconf 86' lang='grc'>54</span> 
     </span>
     <span class='ocr_line' id='line_1_14' title="bbox 631 883 1475 930; baseline 0 -10"><span class='ocrx_word' id='word_1_81' title='bbox 631 887 783 927; x_wconf 47' lang='grc'>1133734)</span> <span class='ocrx_word' id='word_1_82' title='bbox 820 889 872 918; x_wconf 83' lang='grc'>34.</span> <span class='ocrx_word' id='word_1_83' title='bbox 897 883 1029 924; x_wconf 74' lang='grc' dir='ltr'>ΓἈιδεις</span> <span class='ocrx_word' id='word_1_84' title='bbox 1050 883 1163 928; x_wconf 71' lang='grc' dir='ltr'>ὥσπερ</span> <span class='ocrx_word' id='word_1_85' title='bbox 1183 886 1230 925; x_wconf 79' lang='grc' dir='ltr'>εἰς</span> <span class='ocrx_word' id='word_1_86' title='bbox 1246 887 1351 930; x_wconf 78' lang='grc' dir='ltr'>Δῆλον</span> <span class='ocrx_word' id='word_1_87' title='bbox 1368 887 1475 920; x_wconf 78' lang='grc' dir='ltr'>πλέων</span> 
     </span>
     <span class='ocr_line' id='line_1_15' title="bbox 821 939 1598 986; baseline 0.003 -12"><span class='ocrx_word' id='word_1_88' title='bbox 821 946 871 975; x_wconf 84' lang='grc'>35.</span> <span class='ocrx_word' id='word_1_89' title='bbox 897 940 1113 985; x_wconf 73' lang='grc' dir='ltr'>Ἀδδηφοίγον</span> <span class='ocrx_word' id='word_1_90' title='bbox 1138 939 1230 986; x_wconf 82' lang='grc' dir='ltr'>ἅρμα</span> <span class='ocrx_word' id='word_1_91' title='bbox 1557 947 1598 976; x_wconf 85' lang='grc'>55</span> 
     </span>
    </p>
   </div>
   <div class='ocr_carea' id='block_1_4' title="bbox 595 997 1598 1100">
    <p class='ocr_par' dir='ltr' id='par_1_4' title="bbox 595 997 1598 1100">
     <span class='ocr_line' id='line_1_16' title="bbox 679 997 1598 1043; baseline 0 -10"><span class='ocrx_word' id='word_1_92' title='bbox 679 1001 722 1038; x_wconf 77' lang='grc'>38</span> <span class='ocrx_word' id='word_1_93' title='bbox 820 1004 871 1033; x_wconf 79' lang='grc'>36.</span> <span class='ocrx_word' id='word_1_94' title='bbox 897 997 1015 1033; x_wconf 81' lang='grc' dir='ltr'>Ἀετοῦ</span> <span class='ocrx_word' id='word_1_95' title='bbox 1039 1000 1160 1042; x_wconf 80' lang='grc' dir='ltr'>γῆρας,</span> <span class='ocrx_word' id='word_1_96' title='bbox 1185 1000 1326 1042; x_wconf 79' lang='grc' dir='ltr'>κορύδου</span> <span class='ocrx_word' id='word_1_97' title='bbox 1351 999 1480 1043; x_wconf 69' lang='grc' dir='ltr'>νεότης.</span> <span class='ocrx_word' id='word_1_98' title='bbox 1557 1004 1598 1033; x_wconf 83' lang='grc'>56</span> 
     </span>
     <span class='ocr_line' id='line_1_17' title="bbox 595 1039 1278 1100; baseline 0 -11"><span class='ocrx_word' id='word_1_99' title='bbox 595 1039 599 1089; x_wconf 69' lang='grc' dir='ltr'>Ι</span> <span class='ocrx_word' id='word_1_100' title='bbox 820 1061 871 1089; x_wconf 85' lang='grc'>37.</span> <span class='ocrx_word' id='word_1_101' title='bbox 900 1056 1007 1098; x_wconf 70' lang='grc' dir='ltr'>Αἴρειν</span> <span class='ocrx_word' id='word_1_102' title='bbox 1033 1056 1278 1100; x_wconf 45' lang='lat' dir='ltr'>paeleum-⁴³5)</span> 
     </span>
    </p>
   </div>
   <div class='ocr_carea' id='block_1_5' title="bbox 361 1195 1791 2719">
    <p class='ocr_par' dir='ltr' id='par_1_5' title="bbox 366 1195 1791 1405">
     <span class='ocr_line' id='line_1_18' title="bbox 458 1195 1789 1235; baseline -0.001 -9"><span class='ocrx_word' id='word_1_103' title='bbox 458 1198 514 1235; x_wconf 85' lang='lat'>32)</span> <span class='ocrx_word' id='word_1_104' title='bbox 540 1196 639 1226; x_wconf 74' lang='lat' dir='ltr'>Vides</span> <span class='ocrx_word' id='word_1_105' title='bbox 664 1200 730 1225; x_wconf 90' lang='lat' dir='ltr'>toto</span> <span class='ocrx_word' id='word_1_106' title='bbox 755 1196 843 1225; x_wconf 87' lang='lat' dir='ltr'>caelo</span> <span class='ocrx_word' id='word_1_107' title='bbox 870 1196 1000 1225; x_wconf 82' lang='lat' dir='ltr'>differre</span> <span class='ocrx_word' id='word_1_108' title='bbox 1025 1195 1222 1233; x_wconf 81' lang='lat' dir='ltr'>Diogeniani</span> <span class='ocrx_word' id='word_1_109' title='bbox 1247 1200 1278 1225; x_wconf 88' lang='lat' dir='ltr'>et</span> <span class='ocrx_word' id='word_1_110' title='bbox 1302 1195 1395 1225; x_wconf 85' lang='lat' dir='ltr'>Bodl.</span> <span class='ocrx_word' id='word_1_111' title='bbox 1421 1196 1566 1226; x_wconf 81' lang='lat' dir='ltr'><strong>ordinem</strong></span> <span class='ocrx_word' id='word_1_112' title='bbox 1592 1200 1624 1226; x_wconf 86' lang='lat' dir='ltr'>et</span> <span class='ocrx_word' id='word_1_113' title='bbox 1647 1196 1789 1225; x_wconf 84' lang='lat' dir='ltr'>Parisini</span> 
     </span>
     <span class='ocr_line' id='line_1_19' title="bbox 366 1252 1791 1292; baseline -0.001 -9"><span class='ocrx_word' id='word_1_114' title='bbox 366 1255 434 1284; x_wconf 65' lang='lat' dir='ltr'>cod,</span> <span class='ocrx_word' id='word_1_115' title='bbox 483 1253 640 1290; x_wconf 81' lang='lat' dir='ltr'>Equidem</span> <span class='ocrx_word' id='word_1_116' title='bbox 666 1262 855 1291; x_wconf 84' lang='lat' dir='ltr'>persuasum</span> <span class='ocrx_word' id='word_1_117' title='bbox 880 1252 984 1282; x_wconf 84' lang='lat' dir='ltr'>habeo</span> <span class='ocrx_word' id='word_1_118' title='bbox 1002 1252 1142 1281; x_wconf 83' lang='lat' dir='ltr'>Parisini</span> <span class='ocrx_word' id='word_1_119' title='bbox 1168 1253 1314 1282; x_wconf 85' lang='lat' dir='ltr'>ordinem</span> <span class='ocrx_word' id='word_1_120' title='bbox 1340 1262 1410 1282; x_wconf 88' lang='lat' dir='ltr'>esse</span> <span class='ocrx_word' id='word_1_121' title='bbox 1435 1254 1621 1291; x_wconf 85' lang='lat' dir='ltr'>genuinum,</span> <span class='ocrx_word' id='word_1_122' title='bbox 1647 1262 1791 1292; x_wconf 78' lang='lat' dir='ltr'>praeser-</span> 
     </span>
     <span class='ocr_line' id='line_1_20' title="bbox 366 1309 1791 1349; baseline 0.001 -10"><span class='ocrx_word' id='word_1_123' title='bbox 366 1312 422 1340; x_wconf 85' lang='lat' dir='ltr'>tim</span> <span class='ocrx_word' id='word_1_124' title='bbox 448 1315 579 1349; x_wconf 85' lang='lat' dir='ltr'>propter</span> <span class='ocrx_word' id='word_1_125' title='bbox 603 1310 671 1340; x_wconf 91' lang='lat' dir='ltr'>cod.</span> <span class='ocrx_word' id='word_1_126' title='bbox 692 1311 725 1339; x_wconf 87' lang='lat' dir='ltr'>M</span> <span class='ocrx_word' id='word_1_127' title='bbox 749 1310 1020 1339; x_wconf 80' lang='lat' dir='ltr'>conlocationem:</span> <span class='ocrx_word' id='word_1_128' title='bbox 1047 1309 1155 1346; x_wconf 78' lang='lat' dir='ltr'>itaque</span> <span class='ocrx_word' id='word_1_129' title='bbox 1179 1310 1250 1338; x_wconf 91' lang='lat' dir='ltr'>cod.</span> <span class='ocrx_word' id='word_1_130' title='bbox 1268 1310 1349 1338; x_wconf 87' lang='lat' dir='ltr'>Bod.</span> <span class='ocrx_word' id='word_1_131' title='bbox 1375 1310 1494 1348; x_wconf 85' lang='lat' dir='ltr'><strong>pendet</strong></span> <span class='ocrx_word' id='word_1_132' title='bbox 1518 1311 1627 1348; x_wconf 84' lang='lat' dir='ltr'>aliquo</span> <span class='ocrx_word' id='word_1_133' title='bbox 1652 1311 1746 1341; x_wconf 91' lang='lat' dir='ltr'>modo</span> <span class='ocrx_word' id='word_1_134' title='bbox 1772 1321 1791 1340; x_wconf 82' lang='lat' dir='ltr'><strong>a</strong></span> 
     </span>
     <span class='ocr_line' id='line_1_21' title="bbox 367 1366 1042 1405; baseline -0.004 -8"><span class='ocrx_word' id='word_1_135' title='bbox 367 1368 584 1405; x_wconf 76' lang='lat' dir='ltr'>Diogeniano,</span> <span class='ocrx_word' id='word_1_136' title='bbox 611 1377 674 1404; x_wconf 82' lang='lat' dir='ltr'>qua</span> <span class='ocrx_word' id='word_1_137' title='bbox 699 1367 737 1397; x_wconf 93' lang='lat' dir='ltr'>de</span> <span class='ocrx_word' id='word_1_138' title='bbox 764 1377 797 1396; x_wconf 90' lang='lat' dir='ltr'>re</span> <span class='ocrx_word' id='word_1_139' title='bbox 823 1367 907 1396; x_wconf 85' lang='lat' dir='ltr'>infra</span> <span class='ocrx_word' id='word_1_140' title='bbox 932 1366 1042 1395; x_wconf 87' lang='lat' dir='ltr'>fusius.</span> 
     </span>
    </p>

    <p class='ocr_par' dir='ltr' id='par_1_6' title="bbox 361 1423 1790 2145">
     <span class='ocr_line' id='line_1_22' title="bbox 458 1423 1788 1462; baseline -0.001 -7"><span class='ocrx_word' id='word_1_141' title='bbox 458 1426 513 1462; x_wconf 88' lang='lat'>33)</span> <span class='ocrx_word' id='word_1_142' title='bbox 538 1425 586 1454; x_wconf 90' lang='lat' dir='ltr'>En</span> <span class='ocrx_word' id='word_1_143' title='bbox 611 1423 711 1454; x_wconf 80' lang='lat' dir='ltr'>habes</span> <span class='ocrx_word' id='word_1_144' title='bbox 735 1424 848 1453; x_wconf 82' lang='lat' dir='ltr'>miram</span> <span class='ocrx_word' id='word_1_145' title='bbox 866 1424 898 1452; x_wconf 88' lang='lat' dir='ltr'>in</span> <span class='ocrx_word' id='word_1_146' title='bbox 917 1427 1027 1452; x_wconf 88' lang='lat' dir='ltr'>nostro</span> <span class='ocrx_word' id='word_1_147' title='bbox 1046 1423 1136 1452; x_wconf 85' lang='lat' dir='ltr'>codd.</span> <span class='ocrx_word' id='word_1_148' title='bbox 1157 1423 1354 1461; x_wconf 85' lang='lat' dir='ltr'>Diogeniani</span> <span class='ocrx_word' id='word_1_149' title='bbox 1372 1424 1547 1462; x_wconf 79' lang='lat' dir='ltr'>exemplari</span> <span class='ocrx_word' id='word_1_150' title='bbox 1573 1424 1788 1462; x_wconf 82' lang='lat' dir='ltr'>perturbatio-</span> 
     </span>
     <span class='ocr_line' id='line_1_23' title="bbox 364 1480 1790 1521; baseline 0.001 -11"><span class='ocrx_word' id='word_1_151' title='bbox 364 1491 436 1511; x_wconf 88' lang='lat' dir='ltr'>nem</span> <span class='ocrx_word' id='word_1_152' title='bbox 451 1492 457 1509; x_wconf 90' lang='lat'>:</span> <span class='ocrx_word' id='word_1_153' title='bbox 482 1482 543 1511; x_wconf 88' lang='lat' dir='ltr'>hoc</span> <span class='ocrx_word' id='word_1_154' title='bbox 562 1482 646 1511; x_wconf 86' lang='lat' dir='ltr'>enim</span> <span class='ocrx_word' id='word_1_155' title='bbox 664 1482 728 1510; x_wconf 84' lang='lat' dir='ltr'>iam</span> <span class='ocrx_word' id='word_1_156' title='bbox 746 1481 881 1518; x_wconf 81' lang='lat' dir='ltr'>quisque</span> <span class='ocrx_word' id='word_1_157' title='bbox 899 1480 1095 1510; x_wconf 83' lang='lat' dir='ltr'>intellexerit</span> <span class='ocrx_word' id='word_1_158' title='bbox 1113 1480 1226 1510; x_wconf 85' lang='lat' dir='ltr'>eadem</span> <span class='ocrx_word' id='word_1_159' title='bbox 1243 1490 1346 1518; x_wconf 85' lang='lat' dir='ltr'>paene</span> <span class='ocrx_word' id='word_1_160' title='bbox 1363 1480 1535 1519; x_wconf 86' lang='lat' dir='ltr'>prouerbia</span> <span class='ocrx_word' id='word_1_161' title='bbox 1552 1482 1584 1510; x_wconf 92' lang='lat' dir='ltr'>in</span> <span class='ocrx_word' id='word_1_162' title='bbox 1602 1482 1670 1511; x_wconf 89' lang='lat' dir='ltr'>cod.</span> <span class='ocrx_word' id='word_1_163' title='bbox 1691 1481 1718 1510; x_wconf 90' lang='lat' dir='ltr'><strong>B</strong></span> <span class='ocrx_word' id='word_1_164' title='bbox 1743 1480 1790 1521; x_wconf 84' lang='lat' dir='ltr'>(et</span> 
     </span>
     <span class='ocr_line' id='line_1_24' title="bbox 363 1535 1789 1578; baseline 0.001 -12"><span class='ocrx_word' id='word_1_165' title='bbox 363 1535 401 1578; x_wconf 90' lang='lat' dir='ltr'>P)</span> <span class='ocrx_word' id='word_1_166' title='bbox 417 1542 448 1566; x_wconf 89' lang='lat' dir='ltr'>et</span> <span class='ocrx_word' id='word_1_167' title='bbox 461 1538 556 1576; x_wconf 85' lang='lat' dir='ltr'>Diog.</span> <span class='ocrx_word' id='word_1_168' title='bbox 576 1548 645 1567; x_wconf 83' lang='lat' dir='ltr'>sese</span> <span class='ocrx_word' id='word_1_169' title='bbox 666 1538 824 1576; x_wconf 81' lang='lat' dir='ltr'>excipere,</span> <span class='ocrx_word' id='word_1_170' title='bbox 844 1538 990 1567; x_wconf 79' lang='lat' dir='ltr'>ordinem</span> <span class='ocrx_word' id='word_1_171' title='bbox 1007 1537 1105 1575; x_wconf 85' lang='lat' dir='ltr'>igitur</span> <span class='ocrx_word' id='word_1_172' title='bbox 1122 1540 1285 1574; x_wconf 82' lang='lat' dir='ltr'>tamquam</span> <span class='ocrx_word' id='word_1_173' title='bbox 1304 1538 1498 1567; x_wconf 84' lang='lat' dir='ltr'>destinatum</span> <span class='ocrx_word' id='word_1_174' title='bbox 1516 1548 1603 1568; x_wconf 85' lang='lat' dir='ltr'>esse:</span> <span class='ocrx_word' id='word_1_175' title='bbox 1622 1548 1704 1576; x_wconf 82' lang='lat' dir='ltr'>quae</span> <span class='ocrx_word' id='word_1_176' title='bbox 1717 1548 1789 1569; x_wconf 89' lang='lat' dir='ltr'>cum</span> 
     </span>
     <span class='ocr_line' id='line_1_25' title="bbox 363 1594 1790 1632; baseline 0.001 -10"><span class='ocrx_word' id='word_1_177' title='bbox 363 1595 406 1623; x_wconf 78' lang='lat' dir='ltr'>ita</span> <span class='ocrx_word' id='word_1_178' title='bbox 431 1595 503 1630; x_wconf 82' lang='lat' dir='ltr'>sint,</span> <span class='ocrx_word' id='word_1_179' title='bbox 531 1598 637 1624; x_wconf 86' lang='lat' dir='ltr'>tamen</span> <span class='ocrx_word' id='word_1_180' title='bbox 663 1605 748 1624; x_wconf 88' lang='lat' dir='ltr'>nunc</span> <span class='ocrx_word' id='word_1_181' title='bbox 773 1595 824 1624; x_wconf 91' lang='lat' dir='ltr'>hie</span> <span class='ocrx_word' id='word_1_182' title='bbox 848 1595 892 1624; x_wconf 85' lang='lat' dir='ltr'>ita</span> <span class='ocrx_word' id='word_1_183' title='bbox 916 1594 1076 1632; x_wconf 84' lang='lat' dir='ltr'>disposita</span> <span class='ocrx_word' id='word_1_184' title='bbox 1101 1594 1247 1623; x_wconf 86' lang='lat' dir='ltr'>inuenies</span> <span class='ocrx_word' id='word_1_185' title='bbox 1273 1594 1465 1631; x_wconf 82' lang='lat' dir='ltr'>prouerbia:</span> <span class='ocrx_word' id='word_1_186' title='bbox 1495 1597 1614 1626; x_wconf 77' lang='lat'>1-23,</span> <span class='ocrx_word' id='word_1_187' title='bbox 1645 1596 1790 1626; x_wconf 80' lang='lat'>50—71.</span> 
     </span>
     <span class='ocr_line' id='line_1_26' title="bbox 363 1651 1789 1690; baseline 0.001 -10"><span class='ocrx_word' id='word_1_188' title='bbox 363 1652 508 1682; x_wconf 82' lang='grc'>24-49,</span> <span class='ocrx_word' id='word_1_189' title='bbox 535 1652 578 1687; x_wconf 85' lang='grc' dir='ltr'>ΙΙ,</span> <span class='ocrx_word' id='word_1_190' title='bbox 598 1653 719 1682; x_wconf 83' lang='lat'>3—29.</span> <span class='ocrx_word' id='word_1_191' title='bbox 747 1652 772 1687; x_wconf 79' lang='grc' dir='ltr'>Ι,</span> <span class='ocrx_word' id='word_1_192' title='bbox 793 1651 924 1689; x_wconf 77' lang='grc' dir='ltr'>72-ΙΙ,</span> <span class='ocrx_word' id='word_1_193' title='bbox 947 1654 975 1681; x_wconf 87' lang='grc'>1.</span> <span class='ocrx_word' id='word_1_194' title='bbox 1001 1652 1042 1688; x_wconf 84' lang='grc' dir='ltr'>ΙΙ,</span> <span class='ocrx_word' id='word_1_195' title='bbox 1071 1653 1109 1681; x_wconf 87' lang='grc'>31</span> <span class='ocrx_word' id='word_1_196' title='bbox 1138 1660 1227 1688; x_wconf 90' lang='lat' dir='ltr'>e.q.s.</span> <span class='ocrx_word' id='word_1_197' title='bbox 1279 1651 1512 1689; x_wconf 84' lang='lat' dir='ltr'>Cognoscimus</span> <span class='ocrx_word' id='word_1_198' title='bbox 1537 1656 1625 1682; x_wconf 78' lang='lat' dir='ltr'>certa</span> <span class='ocrx_word' id='word_1_199' title='bbox 1649 1653 1789 1690; x_wconf 80' lang='lat' dir='ltr'>quadam</span> 
     </span>
     <span class='ocr_line' id='line_1_27' title="bbox 363 1707 1788 1748; baseline 0.001 -11"><span class='ocrx_word' id='word_1_200' title='bbox 363 1708 486 1737; x_wconf 78' lang='lat' dir='ltr'>ratione</span> <span class='ocrx_word' id='word_1_201' title='bbox 511 1709 698 1746; x_wconf 77' lang='lat' dir='ltr'>permisceri</span> <span class='ocrx_word' id='word_1_202' title='bbox 723 1718 840 1746; x_wconf 87' lang='lat' dir='ltr'>provv.</span> <span class='ocrx_word' id='word_1_203' title='bbox 866 1718 903 1737; x_wconf 85' lang='lat' dir='ltr'>ae</span> <span class='ocrx_word' id='word_1_204' title='bbox 927 1708 1021 1737; x_wconf 79' lang='lat' dir='ltr'>facile</span> <span class='ocrx_word' id='word_1_205' title='bbox 1047 1708 1215 1745; x_wconf 80' lang='lat' dir='ltr'>concedeS‚</span> <span class='ocrx_word' id='word_1_206' title='bbox 1242 1707 1391 1737; x_wconf 86' lang='lat' dir='ltr'>foliorum</span> <span class='ocrx_word' id='word_1_207' title='bbox 1417 1708 1585 1747; x_wconf 82' lang='lat' dir='ltr'>archetypi</span> <span class='ocrx_word' id='word_1_208' title='bbox 1611 1718 1788 1748; x_wconf 86' lang='lat' dir='ltr'>paucorum</span> 
     </span>
     <span class='ocr_line' id='line_1_28' title="bbox 362 1764 1784 1804; baseline 0.001 -10"><span class='ocrx_word' id='word_1_209' title='bbox 362 1764 603 1802; x_wconf 83' lang='lat' dir='ltr'>perturbatione</span> <span class='ocrx_word' id='word_1_210' title='bbox 628 1765 710 1794; x_wconf 87' lang='lat' dir='ltr'>hanc</span> <span class='ocrx_word' id='word_1_211' title='bbox 735 1766 850 1795; x_wconf 87' lang='lat' dir='ltr'>seriem</span> <span class='ocrx_word' id='word_1_212' title='bbox 876 1775 946 1795; x_wconf 84' lang='lat' dir='ltr'>esse</span> <span class='ocrx_word' id='word_1_213' title='bbox 971 1769 1089 1802; x_wconf 72' lang='lat' dir='ltr'>natam,</span> <span class='ocrx_word' id='word_1_214' title='bbox 1116 1765 1142 1794; x_wconf 91' lang='lat' dir='ltr'>si</span> <span class='ocrx_word' id='word_1_215' title='bbox 1167 1765 1314 1794; x_wconf 82' lang='lat' dir='ltr'>conferes</span> <span class='ocrx_word' id='word_1_216' title='bbox 1339 1765 1408 1794; x_wconf 90' lang='lat' dir='ltr'>cod.</span> <span class='ocrx_word' id='word_1_217' title='bbox 1434 1765 1573 1795; x_wconf 87' lang='lat' dir='ltr'>Vindob.</span> <span class='ocrx_word' id='word_1_218' title='bbox 1600 1766 1784 1804; x_wconf 82' lang='lat' dir='ltr'>dispositio-</span> 
     </span>
     <span class='ocr_line' id='line_1_29' title="bbox 363 1822 1785 1861; baseline 0.002 -11"><span class='ocrx_word' id='word_1_219' title='bbox 363 1831 455 1856; x_wconf 77' lang='lat' dir='ltr'>nem,</span> <span class='ocrx_word' id='word_1_220' title='bbox 482 1823 536 1859; x_wconf 82' lang='lat' dir='ltr'>qui</span> <span class='ocrx_word' id='word_1_221' title='bbox 561 1822 660 1851; x_wconf 83' lang='lat' dir='ltr'>codex</span> <span class='ocrx_word' id='word_1_222' title='bbox 688 1823 762 1852; x_wconf 85' lang='lat' dir='ltr'>licet</span> <span class='ocrx_word' id='word_1_223' title='bbox 787 1823 883 1852; x_wconf 86' lang='lat' dir='ltr'>etiam</span> <span class='ocrx_word' id='word_1_224' title='bbox 908 1823 1000 1861; x_wconf 87' lang='lat' dir='ltr'>peior</span> <span class='ocrx_word' id='word_1_225' title='bbox 1024 1822 1065 1852; x_wconf 88' lang='lat' dir='ltr'>sit</span> <span class='ocrx_word' id='word_1_226' title='bbox 1091 1825 1202 1851; x_wconf 79' lang='lat' dir='ltr'>nostro</span> <span class='ocrx_word' id='word_1_227' title='bbox 1220 1822 1314 1859; x_wconf 85' lang='lat' dir='ltr'>Diog.</span> <span class='ocrx_word' id='word_1_228' title='bbox 1342 1826 1449 1851; x_wconf 88' lang='lat' dir='ltr'>tamen</span> <span class='ocrx_word' id='word_1_229' title='bbox 1475 1831 1513 1851; x_wconf 78' lang='lat' dir='ltr'>ex</span> <span class='ocrx_word' id='word_1_230' title='bbox 1538 1822 1650 1852; x_wconf 86' lang='lat' dir='ltr'>eodem</span> <span class='ocrx_word' id='word_1_231' title='bbox 1675 1823 1785 1853; x_wconf 85' lang='lat' dir='ltr'>arche-</span> 
     </span>
     <span class='ocr_line' id='line_1_30' title="bbox 362 1879 1784 1918; baseline 0.001 -11"><span class='ocrx_word' id='word_1_232' title='bbox 362 1882 439 1916; x_wconf 87' lang='lat' dir='ltr'>typo</span> <span class='ocrx_word' id='word_1_233' title='bbox 464 1879 573 1915; x_wconf 80' lang='lat' dir='ltr'>fluxit,</span> <span class='ocrx_word' id='word_1_234' title='bbox 600 1888 695 1916; x_wconf 82' lang='lat' dir='ltr'>quam</span> <span class='ocrx_word' id='word_1_235' title='bbox 720 1889 788 1909; x_wconf 89' lang='lat' dir='ltr'>rem</span> <span class='ocrx_word' id='word_1_236' title='bbox 812 1879 952 1918; x_wconf 84' lang='lat' dir='ltr'>probant</span> <span class='ocrx_word' id='word_1_237' title='bbox 976 1889 1013 1909; x_wconf 86' lang='lat' dir='ltr'>ea</span> <span class='ocrx_word' id='word_1_238' title='bbox 1038 1879 1212 1917; x_wconf 87' lang='lat' dir='ltr'>prouerbia</span> <span class='ocrx_word' id='word_1_239' title='bbox 1237 1879 1425 1917; x_wconf 86' lang='lat' dir='ltr'>appendicis</span> <span class='ocrx_word' id='word_1_240' title='bbox 1454 1879 1556 1908; x_wconf 84' lang='lat' dir='ltr'>instar</span> <span class='ocrx_word' id='word_1_241' title='bbox 1579 1879 1784 1917; x_wconf 82' lang='lat' dir='ltr'>Diogeniano</span> 
     </span>
     <span class='ocr_line' id='line_1_31' title="bbox 361 1935 1786 1978; baseline 0.002 -15"><span class='ocrx_word' id='word_1_242' title='bbox 361 1935 538 1964; x_wconf 83' lang='lat' dir='ltr'>secundum</span> <span class='ocrx_word' id='word_1_243' title='bbox 555 1936 665 1965; x_wconf 82' lang='lat' dir='ltr'>literas</span> <span class='ocrx_word' id='word_1_244' title='bbox 683 1935 798 1973; x_wconf 80' lang='lat' dir='ltr'>adfixa,</span> <span class='ocrx_word' id='word_1_245' title='bbox 823 1940 995 1975; x_wconf 84' lang='lat' dir='ltr'>postquam</span> <span class='ocrx_word' id='word_1_246' title='bbox 1021 1936 1140 1966; x_wconf 86' lang='lat' dir='ltr'>codicis</span> <span class='ocrx_word' id='word_1_247' title='bbox 1158 1936 1252 1965; x_wconf 92' lang='lat' dir='ltr'>Bodl.</span> <span class='ocrx_word' id='word_1_248' title='bbox 1270 1936 1408 1974; x_wconf 83' lang='lat' dir='ltr'>scriptor</span> <span class='ocrx_word' id='word_1_249' title='bbox 1434 1945 1506 1965; x_wconf 88' lang='lat' dir='ltr'>eum</span> <span class='ocrx_word' id='word_1_250' title='bbox 1531 1937 1672 1974; x_wconf 83' lang='lat' dir='ltr'>inspexit</span> <span class='ocrx_word' id='word_1_251' title='bbox 1697 1935 1786 1978; x_wconf 81' lang='lat' dir='ltr'>(quia</span> 
     </span>
     <span class='ocr_line' id='line_1_32' title="bbox 363 1992 1788 2033; baseline 0.002 -14"><span class='ocrx_word' id='word_1_252' title='bbox 363 2001 427 2020; x_wconf 89' lang='lat' dir='ltr'>non</span> <span class='ocrx_word' id='word_1_253' title='bbox 453 1996 563 2021; x_wconf 81' lang='lat' dir='ltr'>extant</span> <span class='ocrx_word' id='word_1_254' title='bbox 587 1993 672 2031; x_wconf 84' lang='lat' dir='ltr'>apud</span> <span class='ocrx_word' id='word_1_255' title='bbox 698 1992 802 2033; x_wconf 87' lang='lat' dir='ltr'>eum):</span> <span class='ocrx_word' id='word_1_256' title='bbox 828 1994 868 2029; x_wconf 70' lang='grc' dir='ltr'>ΙΙ,</span> <span class='ocrx_word' id='word_1_257' title='bbox 896 1994 1069 2029; x_wconf 82' lang='lat'>72-111‚</span> <span class='ocrx_word' id='word_1_258' title='bbox 1096 1994 1138 2022; x_wconf 84' lang='lat'>42</span> <span class='ocrx_word' id='word_1_259' title='bbox 1165 2006 1209 2019; x_wconf 85' lang='lat'>=</span> <span class='ocrx_word' id='word_1_260' title='bbox 1234 1993 1332 2030; x_wconf 88' lang='lat' dir='ltr'>Diog.</span> <span class='ocrx_word' id='word_1_261' title='bbox 1357 1993 1497 2022; x_wconf 82' lang='lat' dir='ltr'>vindob.</span> <span class='ocrx_word' id='word_1_262' title='bbox 1524 1993 1549 2029; x_wconf 71' lang='grc' dir='ltr'>Ι,</span> <span class='ocrx_word' id='word_1_263' title='bbox 1578 1994 1730 2030; x_wconf 84' lang='grc'>75-95,</span> <span class='ocrx_word' id='word_1_264' title='bbox 1757 1996 1788 2023; x_wconf 88' lang='lat' dir='ltr'>et</span> 
     </span>
     <span class='ocr_line' id='line_1_33' title="bbox 363 2049 1785 2088; baseline 0.001 -11"><span class='ocrx_word' id='word_1_265' title='bbox 363 2052 491 2085; x_wconf 80' lang='lat' dir='ltr'>postea,</span> <span class='ocrx_word' id='word_1_266' title='bbox 529 2053 563 2078; x_wconf 91' lang='lat' dir='ltr'>ut</span> <span class='ocrx_word' id='word_1_267' title='bbox 589 2054 714 2080; x_wconf 84' lang='lat' dir='ltr'>taceam</span> <span class='ocrx_word' id='word_1_268' title='bbox 738 2050 777 2079; x_wconf 88' lang='lat' dir='ltr'>de</span> <span class='ocrx_word' id='word_1_269' title='bbox 802 2051 899 2088; x_wconf 87' lang='lat' dir='ltr'>Diog.</span> <span class='ocrx_word' id='word_1_270' title='bbox 925 2050 964 2080; x_wconf 90' lang='lat' dir='ltr'>V.</span> <span class='ocrx_word' id='word_1_271' title='bbox 993 2051 1028 2088; x_wconf 83' lang='grc' dir='ltr'>Ι,</span> <span class='ocrx_word' id='word_1_272' title='bbox 1058 2052 1115 2086; x_wconf 79' lang='lat'>10,</span> <span class='ocrx_word' id='word_1_273' title='bbox 1152 2050 1238 2087; x_wconf 89' lang='lat' dir='ltr'>quod</span> <span class='ocrx_word' id='word_1_274' title='bbox 1264 2059 1328 2078; x_wconf 88' lang='lat' dir='ltr'>non</span> <span class='ocrx_word' id='word_1_275' title='bbox 1353 2049 1386 2078; x_wconf 88' lang='lat' dir='ltr'>iu</span> <span class='ocrx_word' id='word_1_276' title='bbox 1411 2050 1480 2079; x_wconf 91' lang='lat' dir='ltr'>cod.</span> <span class='ocrx_word' id='word_1_277' title='bbox 1499 2050 1525 2078; x_wconf 92' lang='lat' dir='ltr'>B</span> <span class='ocrx_word' id='word_1_278' title='bbox 1551 2050 1606 2079; x_wconf 90' lang='lat' dir='ltr'>sed</span> <span class='ocrx_word' id='word_1_279' title='bbox 1631 2051 1664 2079; x_wconf 90' lang='lat' dir='ltr'>in</span> <span class='ocrx_word' id='word_1_280' title='bbox 1689 2050 1785 2088; x_wconf 86' lang='lat' dir='ltr'>Diog.</span> 
     </span>
     <span class='ocr_line' id='line_1_34' title="bbox 363 2105 608 2145; baseline 0.004 -11"><span class='ocrx_word' id='word_1_281' title='bbox 363 2105 455 2135; x_wconf 81' lang='lat' dir='ltr'>Pant.</span> <span class='ocrx_word' id='word_1_282' title='bbox 481 2106 608 2145; x_wconf 86' lang='lat' dir='ltr'>legitur.</span> 
     </span>
    </p>

    <p class='ocr_par' dir='ltr' id='par_1_7' title="bbox 365 2161 1784 2313">
     <span class='ocr_line' id='line_1_35' title="bbox 455 2161 1784 2203; baseline -0.001 -10"><span class='ocrx_word' id='word_1_283' title='bbox 455 2161 511 2203; x_wconf 88' lang='grc'>34)</span> <span class='ocrx_word' id='word_1_284' title='bbox 538 2163 650 2192; x_wconf 88' lang='lat' dir='ltr'>Subito</span> <span class='ocrx_word' id='word_1_285' title='bbox 684 2163 717 2193; x_wconf 85' lang='lat' dir='ltr'>in</span> <span class='ocrx_word' id='word_1_286' title='bbox 744 2163 812 2193; x_wconf 86' lang='lat' dir='ltr'>eod.</span> <span class='ocrx_word' id='word_1_287' title='bbox 841 2164 866 2192; x_wconf 92' lang='lat' dir='ltr'>P</span> <span class='ocrx_word' id='word_1_288' title='bbox 891 2163 1054 2193; x_wconf 82' lang='lat' dir='ltr'>turbatam</span> <span class='ocrx_word' id='word_1_289' title='bbox 1086 2163 1265 2201; x_wconf 85' lang='lat' dir='ltr'>reperimus</span> <span class='ocrx_word' id='word_1_290' title='bbox 1290 2172 1406 2201; x_wconf 86' lang='lat' dir='ltr'>provv.</span> <span class='ocrx_word' id='word_1_291' title='bbox 1434 2163 1549 2192; x_wconf 88' lang='lat' dir='ltr'>seriem</span> <span class='ocrx_word' id='word_1_292' title='bbox 1576 2173 1615 2192; x_wconf 81' lang='lat' dir='ltr'>ex</span> <span class='ocrx_word' id='word_1_293' title='bbox 1639 2162 1784 2200; x_wconf 74' lang='lat' dir='ltr'>arbitrio,</span> 
     </span>
     <span class='ocr_line' id='line_1_36' title="bbox 365 2219 1784 2259; baseline 0.002 -12"><span class='ocrx_word' id='word_1_294' title='bbox 365 2219 489 2256; x_wconf 82' lang='lat' dir='ltr'>opinor,</span> <span class='ocrx_word' id='word_1_295' title='bbox 516 2220 683 2259; x_wconf 83' lang='lat' dir='ltr'>scriptoris</span> <span class='ocrx_word' id='word_1_296' title='bbox 701 2220 770 2249; x_wconf 88' lang='lat' dir='ltr'>cod.</span> <span class='ocrx_word' id='word_1_297' title='bbox 790 2221 838 2258; x_wconf 62' lang='lat' dir='ltr'>P„</span> <span class='ocrx_word' id='word_1_298' title='bbox 865 2221 950 2258; x_wconf 89' lang='lat' dir='ltr'>quod</span> <span class='ocrx_word' id='word_1_299' title='bbox 976 2222 1046 2250; x_wconf 85' lang='lat' dir='ltr'>sola</span> <span class='ocrx_word' id='word_1_300' title='bbox 1070 2220 1213 2258; x_wconf 88' lang='lat' dir='ltr'>probant</span> <span class='ocrx_word' id='word_1_301' title='bbox 1235 2219 1408 2259; x_wconf 86' lang='lat' dir='ltr'>prouerbia</span> <span class='ocrx_word' id='word_1_302' title='bbox 1434 2229 1515 2257; x_wconf 85' lang='lat' dir='ltr'>quae</span> <span class='ocrx_word' id='word_1_303' title='bbox 1540 2229 1625 2250; x_wconf 88' lang='lat' dir='ltr'>nunc</span> <span class='ocrx_word' id='word_1_304' title='bbox 1643 2229 1714 2250; x_wconf 88' lang='lat' dir='ltr'>sese</span> <span class='ocrx_word' id='word_1_305' title='bbox 1731 2230 1784 2250; x_wconf 81' lang='lat' dir='ltr'>ex-</span> 
     </span>
     <span class='ocr_line' id='line_1_37' title="bbox 369 2275 491 2313; baseline 0.025 -10"><span class='ocrx_word' id='word_1_306' title='bbox 369 2275 491 2313; x_wconf 87' lang='lat' dir='ltr'>cipiunt</span> 
     </span>
    </p>

    <p class='ocr_par' dir='ltr' id='par_1_8' title="bbox 682 2328 1470 2374">
     <span class='ocr_line' id='line_1_38' title="bbox 682 2328 1470 2374; baseline -0.001 -11"><span class='ocrx_word' id='word_1_307' title='bbox 682 2334 722 2371; x_wconf 74' lang='lat'>11,</span> <span class='ocrx_word' id='word_1_308' title='bbox 749 2336 791 2365; x_wconf 80' lang='lat'>36</span> <span class='ocrx_word' id='word_1_309' title='bbox 816 2329 979 2374; x_wconf 82' lang='grc' dir='ltr'>Ἀρκτου</span> <span class='ocrx_word' id='word_1_310' title='bbox 1006 2335 1098 2371; x_wconf 87' lang='lat'>..1‚</span> <span class='ocrx_word' id='word_1_311' title='bbox 1125 2334 1167 2364; x_wconf 89' lang='grc'>30</span> <span class='ocrx_word' id='word_1_312' title='bbox 1192 2328 1404 2373; x_wconf 78' lang='grc' dir='ltr'>’Δδράστου</span> <span class='ocrx_word' id='word_1_313' title='bbox 1429 2354 1470 2362; x_wconf 86' lang='grc'>..</span> 
     </span>
    </p>

    <p class='ocr_par' dir='ltr' id='par_1_9' title="bbox 363 2385 1787 2719">
     <span class='ocr_line' id='line_1_39' title="bbox 679 2385 1408 2431; baseline 0 -11"><span class='ocrx_word' id='word_1_314' title='bbox 679 2391 720 2428; x_wconf 88' lang='lat'>11,</span> <span class='ocrx_word' id='word_1_315' title='bbox 748 2392 788 2421; x_wconf 89' lang='grc'>37</span> <span class='ocrx_word' id='word_1_316' title='bbox 805 2385 957 2427; x_wconf 51' lang='lat' dir='ltr'>“Ansam</span> <span class='ocrx_word' id='word_1_317' title='bbox 1006 2412 1045 2420; x_wconf 92' lang='lat'>..</span> <span class='ocrx_word' id='word_1_318' title='bbox 1072 2392 1097 2427; x_wconf 86' lang='lat' dir='ltr'>I⁷</span> <span class='ocrx_word' id='word_1_319' title='bbox 1125 2392 1164 2420; x_wconf 89' lang='grc'>31</span> <span class='ocrx_word' id='word_1_320' title='bbox 1190 2385 1371 2431; x_wconf 78' lang='grc' dir='ltr'>Ἀρπαγοὶ</span> <span class='ocrx_word' id='word_1_321' title='bbox 1401 2413 1408 2420; x_wconf 88' lang='grc'>.</span> 
     </span>
     <span class='ocr_line' id='line_1_40' title="bbox 366 2444 1787 2486; baseline 0.002 -13"><span class='ocrx_word' id='word_1_322' title='bbox 366 2444 459 2482; x_wconf 79' lang='lat' dir='ltr'>Quod</span> <span class='ocrx_word' id='word_1_323' title='bbox 486 2445 512 2474; x_wconf 90' lang='lat' dir='ltr'>si</span> <span class='ocrx_word' id='word_1_324' title='bbox 537 2448 715 2483; x_wconf 79' lang='lat' dir='ltr'>concedes,</span> <span class='ocrx_word' id='word_1_325' title='bbox 751 2448 879 2486; x_wconf 81' lang='lat' dir='ltr'>saepius</span> <span class='ocrx_word' id='word_1_326' title='bbox 905 2448 965 2477; x_wconf 86' lang='lat' dir='ltr'>erit</span> <span class='ocrx_word' id='word_1_327' title='bbox 990 2447 1202 2477; x_wconf 85' lang='lat' dir='ltr'>dubitandum</span> <span class='ocrx_word' id='word_1_328' title='bbox 1235 2450 1341 2476; x_wconf 83' lang='lat' dir='ltr'>utrum</span> <span class='ocrx_word' id='word_1_329' title='bbox 1373 2447 1492 2476; x_wconf 87' lang='lat' dir='ltr'>codicis</span> <span class='ocrx_word' id='word_1_330' title='bbox 1517 2447 1542 2475; x_wconf 91' lang='lat' dir='ltr'>B</span> <span class='ocrx_word' id='word_1_331' title='bbox 1575 2446 1681 2476; x_wconf 84' lang='lat' dir='ltr'>scriba</span> <span class='ocrx_word' id='word_1_332' title='bbox 1712 2447 1787 2484; x_wconf 83' lang='lat' dir='ltr'>quia</span> 
     </span>
     <span class='ocr_line' id='line_1_41' title="bbox 363 2501 1784 2542; baseline 0.002 -13"><span class='ocrx_word' id='word_1_333' title='bbox 363 2501 561 2538; x_wconf 76' lang='lat' dir='ltr'>Diogeniani</span> <span class='ocrx_word' id='word_1_334' title='bbox 587 2504 732 2533; x_wconf 89' lang='lat' dir='ltr'>ordinem</span> <span class='ocrx_word' id='word_1_335' title='bbox 757 2509 831 2534; x_wconf 87' lang='lat' dir='ltr'>ante</span> <span class='ocrx_word' id='word_1_336' title='bbox 857 2505 966 2534; x_wconf 83' lang='lat' dir='ltr'>oculos</span> <span class='ocrx_word' id='word_1_337' title='bbox 992 2504 1124 2542; x_wconf 75' lang='lat' dir='ltr'>habuit⁷</span> <span class='ocrx_word' id='word_1_338' title='bbox 1148 2514 1189 2534; x_wconf 84' lang='lat' dir='ltr'>an</span> <span class='ocrx_word' id='word_1_339' title='bbox 1215 2504 1334 2534; x_wconf 81' lang='lat' dir='ltr'>codicis</span> <span class='ocrx_word' id='word_1_340' title='bbox 1358 2504 1384 2532; x_wconf 94' lang='lat' dir='ltr'><strong>P</strong></span> <span class='ocrx_word' id='word_1_341' title='bbox 1409 2507 1520 2533; x_wconf 78' lang='lat' dir='ltr'>auctor</span> <span class='ocrx_word' id='word_1_342' title='bbox 1545 2504 1691 2533; x_wconf 86' lang='lat' dir='ltr'>ordinem</span> <span class='ocrx_word' id='word_1_343' title='bbox 1715 2513 1784 2532; x_wconf 90' lang='lat' dir='ltr'>mu-</span> 
     </span>
     <span class='ocr_line' id='line_1_42' title="bbox 363 2559 1785 2600; baseline 0.004 -15"><span class='ocrx_word' id='word_1_344' title='bbox 363 2559 496 2594; x_wconf 87' lang='lat' dir='ltr'>tauerit,</span> <span class='ocrx_word' id='word_1_345' title='bbox 534 2559 608 2596; x_wconf 86' lang='lat' dir='ltr'>quia</span> <span class='ocrx_word' id='word_1_346' title='bbox 633 2562 738 2598; x_wconf 86' lang='lat' dir='ltr'>aptior</span> <span class='ocrx_word' id='word_1_347' title='bbox 763 2562 790 2590; x_wconf 88' lang='lat' dir='ltr'>ei</span> <span class='ocrx_word' id='word_1_348' title='bbox 816 2562 985 2591; x_wconf 83' lang='lat' dir='ltr'>uidebatur</span> <span class='ocrx_word' id='word_1_349' title='bbox 1019 2562 1082 2591; x_wconf 83' lang='lat' dir='ltr'>alia</span> <span class='ocrx_word' id='word_1_350' title='bbox 1115 2561 1282 2600; x_wconf 86' lang='lat' dir='ltr'>dispositio</span> <span class='ocrx_word' id='word_1_351' title='bbox 1317 2564 1413 2598; x_wconf 84' lang='lat' dir='ltr'>atque</span> <span class='ocrx_word' id='word_1_352' title='bbox 1447 2570 1528 2598; x_wconf 84' lang='lat' dir='ltr'>quae</span> <span class='ocrx_word' id='word_1_353' title='bbox 1563 2564 1633 2590; x_wconf 86' lang='lat' dir='ltr'>erat</span> <span class='ocrx_word' id='word_1_354' title='bbox 1657 2561 1785 2597; x_wconf 79' lang='lat' dir='ltr'>tradita,</span> 
     </span>
     <span class='ocr_line' id='line_1_43' title="bbox 363 2615 1785 2656; baseline 0.002 -14"><span class='ocrx_word' id='word_1_355' title='bbox 363 2615 422 2643; x_wconf 80' lang='lat' dir='ltr'>etsi</span> <span class='ocrx_word' id='word_1_356' title='bbox 447 2615 539 2653; x_wconf 73' lang='lat' dir='ltr'>plura</span> <span class='ocrx_word' id='word_1_357' title='bbox 563 2617 680 2653; x_wconf 78' lang='lat' dir='ltr'>prioris</span> <span class='ocrx_word' id='word_1_358' title='bbox 704 2619 831 2655; x_wconf 80' lang='lat' dir='ltr'>generis</span> <span class='ocrx_word' id='word_1_359' title='bbox 856 2619 993 2656; x_wconf 78' lang='lat' dir='ltr'>uestigia</span> <span class='ocrx_word' id='word_1_360' title='bbox 1016 2621 1182 2656; x_wconf 84' lang='lat' dir='ltr'>prostant:</span> <span class='ocrx_word' id='word_1_361' title='bbox 1207 2618 1284 2647; x_wconf 90' lang='lat' dir='ltr'>Zen.</span> <span class='ocrx_word' id='word_1_362' title='bbox 1304 2619 1328 2654; x_wconf 92' lang='lat'>1,</span> <span class='ocrx_word' id='word_1_363' title='bbox 1347 2620 1389 2648; x_wconf 81' lang='lat'>49</span> <span class='ocrx_word' id='word_1_364' title='bbox 1407 2621 1493 2647; x_wconf 86' lang='lat' dir='ltr'>recte</span> <span class='ocrx_word' id='word_1_365' title='bbox 1513 2616 1672 2651; x_wconf 80' lang='lat' dir='ltr'>sehabet,</span> <span class='ocrx_word' id='word_1_366' title='bbox 1699 2617 1785 2654; x_wconf 87' lang='lat' dir='ltr'>quod</span> 
     </span>
     <span class='ocr_line' id='line_1_44' title="bbox 364 2670 1780 2719; baseline 0.002 -20"><span class='ocrx_word' id='word_1_367' title='bbox 364 2671 432 2700; x_wconf 87' lang='lat' dir='ltr'>cod.</span> <span class='ocrx_word' id='word_1_368' title='bbox 460 2671 585 2709; x_wconf 81' lang='lat' dir='ltr'>Vatie.‚</span> <span class='ocrx_word' id='word_1_369' title='bbox 619 2673 709 2703; x_wconf 86' lang='lat' dir='ltr'>Bodl.</span> <span class='ocrx_word' id='word_1_370' title='bbox 742 2675 1041 2719; x_wconf 62' lang='lat' dir='ltr'>planegemellus.</span> <span class='ocrx_word' id='word_1_371' title='bbox 1078 2676 1265 2711; x_wconf 75' lang='lat' dir='ltr'>confirmat,</span> <span class='ocrx_word' id='word_1_372' title='bbox 1301 2675 1376 2703; x_wconf 90' lang='lat' dir='ltr'>dum</span> <span class='ocrx_word' id='word_1_373' title='bbox 1401 2675 1470 2703; x_wconf 86' lang='lat' dir='ltr'>cod.</span> <span class='ocrx_word' id='word_1_374' title='bbox 1495 2673 1587 2702; x_wconf 87' lang='lat' dir='ltr'>Bodl.</span> <span class='ocrx_word' id='word_1_375' title='bbox 1614 2674 1683 2712; x_wconf 84' lang='lat' dir='ltr'>ipse</span> <span class='ocrx_word' id='word_1_376' title='bbox 1709 2670 1780 2715; x_wconf 87' lang='lat'>(18)</span> 
     </span>
    </p>
   </div>
   <div class='ocr_carea' id='block_1_6' title="bbox 1883 0 1951 1959">
    <p class='ocr_par' dir='ltr' id='par_1_10' title="bbox 1883 0 1951 1959">
     <span class='ocr_line' id='line_1_45' title="bbox 1883 0 1951 1959; baseline 0 0"><span class='ocrx_word' id='word_1_377' title='bbox 1883 0 1951 1959; x_wconf 95' lang='lat' dir='ltr'> </span> 
     </span>
    </p>
   </div>
  </div>
 </body>
</html>
