1951 3203
659 178 939 222 -45-

86 284 225 322 scholii
256 283 458 323 historiam
498 288 784 335 persequentes
815 283 975 321 summis
1007 282 1304 321 difficultatibus
1334 283 1509 333 implica-

86 366 183 390 mur.
246 351 358 392 Quod
381 352 484 389 enim
506 352 604 401 legis
635 366 671 402 p.
698 355 776 390 413
799 352 829 388 B
861 352 907 388 ad
932 351 1137 400 Rempubl.
1162 352 1241 389 VII
1261 352 1285 389 l.
1317 347 1434 408 ‘doz-Q,
1457 346 1510 389 π.’

85 419 277 471 παροιμία
309 417 372 457 ἐπὶ
403 421 480 457 τῶν
511 417 655 469 ταχέως
686 434 721 457 τι
751 415 975 456 ποιούντων
1005 416 1201 470 λεγομένη.
1263 417 1342 457 ἔστι
1372 416 1413 457 δὲ
1444 418 1508 457 καὶ

84 484 209 538 ὄνομα
246 487 418 533 παιδιᾶς.
470 484 662 533 ’'Ammg.
710 485 771 525 ἐπὶ
805 488 882 524 τῶν
913 481 977 524 διὰ
1009 483 1150 536 τάχους
1189 485 1243 532 εἰς
1274 482 1407 538 φυγὴν
1447 482 1510 538 ὄρ-

86 551 248 605 μεόντων
277 551 303 605 ἢ
336 553 400 594 ἐπὶ
432 558 510 594 τῶν
542 552 835 605 εὐμεταβόλων,
878 558 1086 606 utramque
1118 555 1419 605 explicationem
1453 569 1511 594 se-

86 626 255 662 cundum
286 625 495 663 Mettaueri
535 638 711 663 normam
743 637 861 673 supra
891 624 1085 661 laudatam
1116 624 1414 672 Neoplatonicis
1445 625 1510 662 ad-

85 692 257 730 tribuere
280 694 519 739 deberemus,
544 693 712 742 priorem
739 694 959 742 Anonymo,
985 692 1145 729 alteram
1168 691 1320 730 Proclo.
1364 692 1510 729 Tamen

86 761 256 810 priorem
296 762 458 810 praebet
490 761 655 799 Photius
687 760 757 810 (=
788 759 963 808 Sufflas),
1007 760 1089 797 sine
1129 760 1246 797 dubio
1285 773 1304 797 e
1336 760 1512 798 Platonis

86 829 312 877 interprete,
346 829 495 867 Boe'tho
517 833 681 878 sumpta.
742 829 918 865 Eundem
947 832 1097 877 spectat
1120 828 1261 866 iterum
1292 829 1373 866 cod.
1397 829 1511 866 Coisl.

91 899 170 933 380
203 896 441 947 (exscriptus
473 898 520 934 ad
552 898 666 946 Diog.
690 897 757 944 VI,
782 897 851 947 95)
885 896 950 948 qui
983 896 1132 945 recepit
1162 897 1279 934 haec:
1323 896 1511 947 παροιμία

88 961 151 1001 ἐπὶ
184 965 259 1001 τῶν
288 962 431 1013 ταχέως
455 979 489 1001 τι
521 960 742 1002 ποιούντων
772 962 974 1015 λεγομένη·
1007 962 1156 1014 εἴρηται
1181 961 1222 1002 δὲ
1247 959 1325 1002 ἀπό
1351 965 1513 1009 παιδιᾶς

88 1027 287 1081 τοιαύτηςε
321 1033 499 1084 sequitur
529 1038 709 1071 accurata
740 1033 854 1070 huius
885 1033 968 1070 ludi
1001 1033 1234 1082 descriptio,
1277 1046 1393 1084 quam
1425 1046 1512 1071 cum

89 1100 236 1139 scholio
279 1105 539 1150 comparatam
578 1101 685 1150 legas
726 1102 827 1150 apud
869 1102 1122 1139 Leutschium
1164 1102 1227 1151 (ad
1259 1101 1372 1150 Diog.
1404 1102 1428 1139 l.
1451 1102 1513 1152 l.):

89 1168 216 1207 elucet
243 1169 391 1207 fontem
422 1183 664 1207 communem
687 1170 956 1218 accipiendum
978 1182 1062 1207 esse
1083 1174 1202 1220 atque
1225 1182 1296 1218 ego
1320 1170 1512 1207 Boethum

90 1236 186 1284 dico,
219 1237 291 1274 etsi
317 1237 436 1276 schol.
462 1238 561 1276 Plat.
587 1241 666 1275 314
698 1238 839 1288 incipit
868 1235 943 1293 (ἐπὶ
977 1238 1053 1275 τῶν
1084 1234 1148 1274 διά
1181 1233 1322 1286 τάχους
1353 1236 1405 1283 εἰς
1437 1251 1513 1285 φυ-

89 1299 163 1355 γὴν
194 1298 418 1354 ὁρμώντων’
448 1318 492 1344 ac
523 1310 604 1344 tum
637 1308 790 1344 demum
823 1305 972 1356 εἴρηται
1003 1303 1044 1343 ὁὲ

204 1373 405 1411 Nonnulla
441 1374 561 1422 igitur
601 1375 810 1424 prouerbia
850 1375 925 1412 iam
963 1374 1212 1413 confecimus.
1273 1375 1346 1412 Sed
1386 1388 1433 1413 ne
1472 1375 1514 1412 in

93 1441 231 1480 ceteris
263 1442 420 1493 quidem
451 1443 595 1480 Naberi
635 1443 868 1481 sententiam
908 1448 1010 1482 stare
1050 1457 1162 1492 posse
1203 1443 1295 1481 satis
1332 1444 1516 1492 probauit

93 1509 346 1557 Mettauerus,
379 1511 450 1548 etsi
468 1510 533 1548 alii
552 1511 692 1549 iterum
715 1512 811 1549 uitio
830 1512 969 1549 incidit
986 1512 1050 1549 hic
1065 1525 1101 1549 v.
1123 1512 1155 1549 d.
1201 1512 1285 1549 Iam
1304 1511 1514 1549 Schneide-

92 1577 218 1617 winus
249 1591 285 1627 p.
306 1578 384 1616 XV
415 1579 469 1616 ita
500 1579 657 1630 quidem
688 1579 950 1617 iudicauerat:
981 1609 1024 1626 ‚‚.
1049 1609 1056 1617 .
1083 1579 1329 1617 Scholiorum
1361 1579 1514 1617 Platon.

94 1658 138 1683 ea
169 1650 228 1684 est
256 1646 416 1694 utilitas,
449 1651 492 1684 ut
522 1647 553 1684 si
585 1660 631 1684 ea
660 1660 746 1685 cum
778 1647 922 1684 nostris
955 1648 1324 1697 Paroemiographis
1355 1653 1516 1686 conten-

93 1713 206 1761 deris,
239 1714 445 1752 manifesto
476 1716 671 1764 adpareat,
704 1728 726 1752 a
748 1728 825 1766 qua
856 1716 1095 1754 abundantia
1125 1716 1357 1754 eruditionis
1388 1720 1427 1754 et
1459 1717 1516 1753 lu-

93 1780 230 1819 xuriae
259 1782 301 1820 in
332 1795 428 1834 quas
457 1783 516 1820 illi
547 1783 748 1832 angustias
777 1788 998 1832 temporum
1040 1783 1321 1835 hominumque
1362 1784 1516 1822 iniuriis

94 1850 174 1888 sint
210 1851 382 1900 delapsi“
423 1864 468 1889 eo
500 1858 629 1890 autem
667 1851 899 1890 temeritatis
937 1852 1120 1890 inductus
1152 1856 1211 1890 est
1240 1865 1276 1902 p.
1300 1853 1443 1891 XVIH
1474 1856 1518 1891 ut

96 1930 363 1970 ‘quaecunque
393 1932 530 1968 provv.
561 1920 602 1956 in
633 1919 791 1957 scholiis
823 1920 975 1958 Platon.
1008 1924 1190 1958 extarent
1219 1920 1260 1957 in
1281 1921 1517 1959 Zenobianis

96 1990 136 2023 et
156 1985 320 2038 reliquis
343 1987 652 2025 conlectionibus
684 1987 911 2034 desiderata,
944 2000 988 2025 ea
1020 1988 1150 2025 omnia
1180 1988 1435 2026 arbitraretur
1467 2003 1518 2027 ex

93 2053 231 2091 iisdem
263 2054 446 2092 Tarrhaei
468 2055 706 2107 Didymique
737 2055 848 2093 libris
880 2057 995 2094 ducta
1025 2053 1132 2093 esse.'
1192 2057 1251 2093 Ne
1276 2058 1517 2095 Mettauerus

97 2122 253 2173 quidem
295 2127 438 2161 certam
478 2125 524 2161 de
554 2124 725 2162 Zenobio
769 2124 929 2176 eiusque
970 2125 1147 2163 fontibus
1186 2125 1411 2174 opinionem
1443 2125 1517 2163 sibi

97 2190 232 2237 finxit,
263 2192 330 2228 sed
361 2204 381 2229 e
413 2192 647 2230 scholiorum
679 2205 827 2242 provv.,
860 2192 942 2230 siue
974 2206 1060 2230 cum
1090 2193 1233 2231 Zenob.
1267 2194 1349 2231 cod.
1371 2194 1402 2230 P
1434 2194 1517 2232 siue

98 2271 184 2296 cum
214 2259 278 2296 BV
313 2261 582 2309 congruebant
621 2260 703 2298 siue
734 2261 842 2298 nulla
882 2260 1095 2299 similitudo
1136 2261 1378 2299 intercedere
1410 2262 1517 2299 uide·

96 2326 211 2364 batur
240 2328 307 2366 sed
338 2329 385 2365 ad
414 2328 669 2378 integriorem
698 2329 861 2367 Zenobii
893 2329 1175 2367 conlectionem
1207 2329 1300 2368 licet
1330 2343 1409 2368 non
1439 2335 1516 2369 tra-

99 2463 160 2493 mis
185 2473 258 2493 eum
274 2464 405 2494 Nabero
431 2466 586 2496 confisum
612 2476 682 2496 esse
707 2466 887 2496 luculenter
912 2466 1062 2505 probauit
1079 2467 1277 2496 Mettauerus
1303 2466 1322 2495 l.
1342 2467 1363 2496 l.
1390 2484 1433 2489 —
1459 2466 1517 2497 Ce-

99 2523 203 2550 terum
238 2521 362 2559 gaudeo
388 2522 548 2552 Cohnium
581 2532 708 2561 quoque
739 2523 788 2552 his
813 2524 890 2553 locis
916 2524 1075 2553 Boethum
1101 2524 1309 2562 supposuisse
1333 2527 1518 2563 auctorem3

100 2587 159 2607 nec
184 2578 368 2607 contradico
395 2579 433 2608 de
458 2579 535 2608 Zen.
555 2580 612 2617 IV,
630 2581 670 2610 58
696 2580 732 2610 cl.
753 2580 900 2609 Eustath.
921 2582 1017 2616 1669,
1036 2583 1078 2611 44
1104 2586 1180 2622 (una
1198 2589 1269 2610 cum
1287 2581 1356 2610 cod.
1375 2578 1517 2620 Miller),

101 2635 159 2664 etsi
184 2635 424 2664 adnotationem
443 2636 506 2665 137
534 2637 685 2674 opinione
711 2637 739 2667 ei
765 2638 803 2667 de
828 2637 918 2667 libris
936 2638 1132 2667 Zenobianis
1157 2639 1230 2667 ficta
1255 2638 1313 2667 niti
1338 2641 1369 2667 et
1393 2637 1517 2673 cadere,

99 2691 239 2729 itemque
267 2692 518 2730 disputationem
545 2693 582 2722 de
606 2688 720 2725 Ἀκκώ
747 2691 790 2735 (p.
810 2691 889 2735 351)
914 2694 999 2723 infra
1023 2694 1213 2724 uidebimus.
1263 2694 1345 2724 Aliis
1363 2694 1440 2723 locis
1458 2694 1516 2723 Ze-

101 2747 231 2778 nobium
254 2749 326 2779 ideo
350 2749 454 2779 adfert
478 2753 512 2779 ut
535 2749 713 2779 doctrinam
737 2751 1032 2781 Alexandrinorum
1057 2751 1189 2782 subesse
1213 2751 1410 2790 comprobet.
