1951 3203
853 184 1107 226 —5-

268 289 416 327 d'autre
446 290 546 337 part,
577 287 634 325 les
659 286 840 338 lexiques
865 288 911 324 de
933 287 1180 337 Phrynichos
1202 287 1244 338 (ἔ)
1275 287 1390 340 [dans
1411 287 1467 325 les
1490 287 1694 325 Anecdota

268 359 315 395 de
345 354 523 406 Bekker]
554 352 901 404 d'Harpocration,
934 351 1214 404 d'Hesychios,
1246 355 1303 394 les
1334 355 1535 394 scoliastes
1566 352 1693 392 d'Ari-

267 424 459 474 stophane
490 426 529 460 et
559 423 606 459 de
637 422 778 460 Platon
810 426 905 460 etc.:
937 421 1010 460 tels
1042 425 1132 460 sont
1160 423 1217 460 les
1248 423 1484 472 principaux
1513 422 1693 470 mouens,

268 493 363 530 dans
400 490 571 541 lesquels
602 502 643 527 se
673 493 902 528 retrouvent
938 488 1219 528 litteralement
1248 504 1300 528 un
1332 492 1494 528 nombre
1525 490 1612 540 plus
1645 503 1695 528 ou

266 560 393 597 moins
433 557 701 596 considerable
745 559 791 595 de
833 558 1044 607 proverbe-s
1086 561 1124 596 et
1165 556 1464 608 d’explications
1504 562 1694 597 contenus

267 628 362 664 daus
393 627 430 663 la
461 626 668 664 collection
701 626 746 663 de
778 625 1020 663 l'Escurial.“
1082 626 1151 663 Cui
1191 627 1294 663 bono
1333 626 1442 664 addit
1479 626 1567 664 illos
1599 626 1695 664 alios

266 698 422 744 praeter
452 694 611 731 Suidam
643 698 682 732 et
707 694 921 731 Zenobium
955 694 1157 731 auctores?
1216 694 1328 732 Unde
1359 695 1454 732 haec
1486 695 1560 733 sibi
1592 708 1695 733 sum-

268 762 393 812 pserit
421 776 458 799 v.
482 762 518 799 d.
548 763 695 800 frustra
732 774 906 813 quaeres.
967 761 1067 798 Sane
1109 762 1298 799 nonnulla
1336 763 1492 813 quidem
1530 762 1696 800 fortasse

269 830 494 868 auctoribus
535 830 664 867 adhuc
706 829 852 878 ignotis
891 832 935 867 ut
975 830 1231 867 concedamus
1272 830 1357 879 ipso
1399 830 1542 868 codicis
1580 830 1695 868 titulo

271 910 566 948 permonemur,
611 898 678 949 qui
718 902 777 935 est
807 893 1038 952 (Συναγωγή
1070 896 1146 934 τῶν
1185 895 1383 947 Ταῤῥαίου
1415 895 1479 934 καὶ
1514 893 1696 946 Διδύμου

273 963 339 1003 καὶ
380 965 457 1001 τῶν
498 960 603 1014 παρά
644 960 782 1017 Σούδᾳ
828 961 907 1000 καὶ
951 958 1121 1008 ἄλλοις
1162 960 1435 1015 διαφόροις
1476 966 1699 1015 παροιμιῶν

270 1033 533 1071 συντεθεισῶν
569 1028 666 1069 κατά
707 1027 918 1081 στοιχεῖον.’
979 1032 1053 1070 Sed
1094 1045 1234 1070 uereor
1274 1046 1322 1070 ne
1362 1034 1502 1071 horum
1542 1045 1699 1084 quoque

271 1102 397 1140 adhuc
437 1101 552 1139 nobis
588 1101 813 1149 ignotorum
852 1100 1030 1151 plerique
1064 1101 1289 1149 diffugiant,
1334 1101 1541 1138 dummodo
1578 1114 1700 1138 unum
1749 1122 1760 1126 x

273 1170 430 1221 quidem
462 1169 626 1207 Grauxii
658 1181 826 1206 errorem
858 1172 962 1206 recte
995 1169 1288 1206 correxerimus.
1351 1169 1427 1206 Cur
1457 1169 1698 1218 Pseudoplu-

272 1238 450 1276 tarchum
493 1240 785 1283 commemorat,
832 1250 945 1288 quem
988 1250 1073 1274 cum
1115 1237 1312 1274 codicibus
1342 1237 1577 1275 Zenobianis
1617 1250 1700 1276 esse

274 1305 588 1354 componendum
622 1305 708 1355 quis
739 1308 797 1342 est
829 1305 923 1355 quin
956 1305 1086 1342 statim
1119 1304 1371 1353 cognouerit?
1431 1305 1569 1355 Neque
1596 1305 1699 1342 enim

272 1373 473 1412 intellexit
494 1371 628 1409 Graux
651 1376 847 1410 auctorem
873 1372 1018 1410 codicis
1041 1373 1078 1407 Σ
1099 1372 1316 1410 intexuisse
1340 1372 1549 1421 prouerbia
1573 1373 1701 1411 cuius-

274 1443 361 1479 dam
388 1440 540 1487 codicis,
575 1440 640 1492 qui
674 1453 797 1491 aeque
830 1453 872 1477 ac
904 1441 986 1478 cod.
1011 1441 1050 1476 M
1084 1440 1294 1489 dispositus
1325 1440 1441 1489 plane
1472 1440 1703 1492 aequiparat

275 1508 447 1546 codicem
469 1508 512 1555 L,
544 1508 654 1546 cuius
685 1521 774 1557 pars
806 1512 864 1546 est
895 1508 1086 1546 conlectio
1118 1509 1186 1545 illa
1217 1509 1288 1545 sub
1320 1508 1477 1546 nomine
1499 1508 1701 1547 Plutarchi

276 1580 389 1614 nota:
420 1576 555 1627 itaque
587 1589 666 1613 non
692 1576 859 1614 debebat
882 1576 1122 1624 distinguere
1145 1576 1279 1613 Graux
1300 1576 1704 1625 Pseudoplutarchum

278 1644 356 1694 (no.
383 1641 458 1681 11b
477 1643 553 1692 14).
579 1642 666 1681 57¹³.
693 1644 754 1680 71.
781 1647 843 1680 84.
869 1644 938 1694 91)
956 1644 1019 1693 ¹⁵)
1051 1657 1073 1681 a
1105 1645 1186 1682 cod.
1220 1644 1459 1691 Milleriano,
1493 1657 1609 1696 quem
1640 1645 1704 1682 ad-

277 1714 355 1750 fert
379 1712 425 1749 ad
447 1725 509 1748 no.
530 1709 698 1760 42b14).
724 1715 774 1748 60
788 1716 811 1748 ⁰.
837 1715 899 1748 66.
930 1715 991 1749 68.
1018 1712 1080 1749 70.
1107 1713 1170 1752 74.
1195 1713 1258 1749 79.
1285 1715 1347 1749 80.
1374 1710 1462 1749 81‘2.
1487 1715 1558 1750 85:
1590 1712 1705 1750 sicuti

277 1780 424 1831 ubique
446 1779 550 1818 inter
577 1780 660 1817 cod.
684 1779 779 1816 Mill.
803 1784 842 1817 et
863 1780 1098 1818 Plutarchea
1128 1780 1337 1829 prouerbia
1367 1779 1463 1817 illud
1495 1780 1704 1830 praecipue

278 1848 486 1885 discrimen
527 1848 740 1897 reperitur,
784 1848 943 1885 testium
983 1848 1142 1885 nomina
1182 1859 1265 1885 esse
1296 1847 1482 1894 abscissa,
1524 1848 1618 1886 item
1650 1848 1706 1886 eis

279 1915 374 1953 locis
408 1916 489 1953 cod.
513 1916 561 1961 Σ,
593 1916 660 1952 ubi
684 1915 817 1952 Graux
843 1915 1040 1952 Millerum
1073 1916 1245 1962 adnotat,
1277 1915 1350 1952 hoc
1380 1916 1567 1953 accidisse
1597 1916 1705 1954 uide-

278 1998 374 2031 mus,
406 1997 478 2022 nec
508 1984 663 2033 putabis
694 1984 849 2021 tertiam
881 1988 1032 2022 tantum
1065 1984 1348 2022 conlectionem
1379 1983 1501 2022 codici
1525 1983 1592 2035 qui
1614 1984 1705 2021 Plu-

279 2052 403 2090 tarchi
435 2065 578 2089 nomen
610 2051 846 2098 exhibuerit,
879 2056 1027 2089 ceteras
1059 2051 1123 2087 alii
1149 2051 1271 2088 codici
1304 2052 1448 2089 deberi.
1508 2051 1571 2089 Sic
1593 2055 1704 2102 quat-

279 2124 368 2158 tuor
409 2120 496 2157 illas
538 2119 790 2157 collectiones
832 2119 1042 2167 diligenter
1087 2119 1230 2156 codicis
1261 2119 1300 2154 Σ
1340 2122 1473 2156 auctor
1514 2118 1703 2166 adhibuit,

281 2201 377 2239 quas
416 2189 447 2226 si
488 2188 601 2226 nobis
641 2188 824 2237 fingimus
861 2188 1031 2226 auctoris
1070 2188 1229 2225 nomine
1269 2190 1424 2225 ornatas
1463 2201 1541 2225 non
1571 2188 1704 2234 fuisse,

280 2255 394 2294 facile
434 2251 622 2306 διάφοροι
662 2255 719 2293 illi
760 2250 866 2293 ἄλλοι
907 2255 1095 2304 explicari
1136 2255 1355 2292 uideantur.
1415 2255 1556 2306 Itaque
1595 2268 1705 2292 usur-

284 2323 396 2372 pauit
441 2324 607 2373 scriptor
649 2324 731 2362 cod.
765 2324 802 2359 Σ
842 2326 997 2372 praeter
1042 2323 1213 2360 codicem
1253 2322 1519 2360 Zenobianum
1560 2323 1703 2361 Parisi-

376 2504 430 2540 14)
456 2512 550 2540 quem
574 2504 678 2532 locum
706 2502 837 2532 fortuito
864 2501 974 2531 Graux
1007 2501 1233 2539 praeteruidit3
1269 2501 1346 2530 item
1372 2502 1437 2531 82³
1471 2503 1581 2540 utiquc
1614 2502 1705 2532 fluxit

282 2570 298 2590 e
324 2560 392 2589 eod*
421 2560 457 2588 L.

376 2617 430 2654 15)
458 2617 506 2645 De
532 2616 646 2645 ceteris·
672 2621 798 2652 autem,
835 2616 999 2653 plerisque
1025 2615 1172 2652 quidem,
1207 2615 1390 2653 proverbiis
1415 2616 1634 2653 Plutarcheis‚
1670 2620 1706 2645 ut

286 2673 347 2702 hoc
381 2673 509 2702 nomine
535 2664 921 2702 conlcctioncm‘tertiam
947 2671 1015 2700 cod.
1034 2671 1060 2699 L
1087 2670 1283 2708 significffln⁷
1321 2681 1359 2700 ex
1394 2672 1523 2701 silentio
1558 2672 1705 2702 concludi

284 2730 412 2767 poterit,
439 2729 549 2759 cadem
576 2729 700 2758 ratione
725 2729 781 2757 illa
805 2729 837 2757 in
864 2728 932 2758 cod.
957 2728 983 2756 L
1010 2730 1040 2756 et
1066 2725 1096 2757 Σ
1122 2727 1195 2764 legi.
