1951 3203
842 187 1094 227 —4-

256 286 519 335 explicantur3
563 291 692 326 cetera
729 289 988 339 quaternione
1028 289 1259 341 insequente
1291 292 1424 329 evulso
1465 290 1679 340 perierunt.

254 354 357 391 Item
389 355 497 392 deest
534 355 692 393 initium
723 356 837 393 seriei
870 360 1051 407 quartae,
1097 370 1196 408 quae
1227 359 1422 408 excipitur
1452 372 1496 396 ac
1526 358 1679 407 perfici-

255 423 338 468 tur,
380 424 570 472 quantum
602 423 758 473 quidem
801 427 935 462 auctor
973 436 1056 461 eam
1097 425 1233 473 perfici
1263 426 1407 474 uoluit,
1451 426 1532 464 foll.
1559 429 1607 462 39
1641 428 1681 463 et

257 491 320 526 40.
345 502 382 527 v.

368 556 677 597 Quaternionem
707 558 846 606 istum,
891 560 957 610 qui
989 560 1029 596 in
1063 560 1143 597 cod.
1172 561 1219 597 17
1253 561 1515 609 desideratur,
1556 561 1680 599 maxi-

253 636 354 661 mam
377 628 526 673 partem
548 625 662 663 facile
684 626 844 664 reficere
876 639 1092 675 possumus.
1153 627 1354 666 Habemus
1385 629 1486 666 enim
1517 630 1680 667 eandem

253 692 552 741 prouerbiorum
596 693 880 732 conlectionem
924 695 1248 745 quadripartitam
1288 697 1330 733 in
1370 697 1451 734 cod.
1488 697 1680 747 L(auren-

253 759 377 809 tiano)
412 760 628 810 80‚138)‚
674 761 786 798 alteri
827 761 944 810 plane
983 763 1168 811 gemello:
1210 766 1374 815 uterque
1415 765 1517 802 enim
1557 766 1681 803 codex

253 828 418 876 praebet
439 828 601 865 Maximi
625 829 811 866 Planudis
833 829 950 878 <XIV
967 830 1080 879 saec.)
1105 831 1288 881 ‘carmina
1309 831 1524 869 Catoniana
1544 845 1681 880 graece

253 895 435 945 uersa9);
482 896 655 933 seruauit
697 896 836 933 deinde
879 898 960 933 cod.
990 897 1020 933 L
1060 897 1172 935 loco
1204 899 1339 935 XIII
1378 901 1676 947 prouerbiorum

255 964 538 1002 conlectionem
570 964 725 1001 tertiam
767 964 879 1014 (Mill.
903 978 938 1014 p.
959 965 1198 1014 369—375)
1230 959 1429 1015 β’-ροέ,
1468 967 1545 1004 nisi
1577 969 1680 1018 quod

253 1032 512 1082 quadraginta
541 1031 890 1088 quattuorxomisit,
923 1032 1031 1069 loco
1055 1033 1140 1068 XV
1161 1033 1396 1082 Zenodorea,
1428 1034 1679 1083 Suetonfflna,

252 1100 552 1149 Aristophanea,
585 1113 684 1150 quae
716 1090 848 1137 eadem
881 1101 1043 1148 praebet
1075 1101 1155 1137 cod.
1179 1102 1231 1147 M,
1264 1101 1375 1139 loco
1408 1103 1520 1140 XVI
1551 1099 1680 1158 (λέξεις

256 1162 479 1212 Πλάτωνος’
511 1168 576 1216 (cf.
607 1168 700 1205 item
733 1169 814 1206 cod.
843 1168 917 1217 M),
950 1168 1035 1205 loco
1067 1168 1223 1215 XVIII,
1255 1171 1551 1218 prouerbiorum
1584 1171 1680 1209 alias

252 1236 438 1287 quasdam
469 1236 672 1282 sectiones,
705 1236 830 1285 primo
863 1236 1146 1273 conlectionem
1180 1237 1276 1274 Mill.
1311 1238 1581 1289 quartanam),
1614 1239 1678 1276 de·
1724 1246 1729 1248 '

251 1303 342 1341 inde
383 1303 565 1352 primam,
610 1304 779 1355 denique
810 1304 970 1342 alteram
1002 1304 1092 1341 inde
1122 1317 1144 1341 a
1175 1318 1285 1354 prov.
1314 1309 1373 1343 15.
1434 1306 1565 1344 Tertia
1594 1310 1678 1343 tan-

251 1373 451 1409 tummodo
484 1372 675 1410 conlectio
708 1385 757 1409 ex
787 1372 894 1410 hisce
926 1373 1145 1421 prouerbiis
1175 1373 1251 1409 iam
1283 1374 1388 1423 typis
1414 1387 1600 1423 expressa
1621 1377 1680 1412 est

252 1439 420 1488 primum
452 1453 474 1477 a
504 1441 583 1478 Iac.
607 1439 816 1487 Gronovio,
851 1453 953 1477 nunc
984 1441 1022 1477 in
1057 1438 1261 1492 ‘Corporis'
1292 1442 1368 1479 vol.
1392 1442 1422 1488 I,
1454 1442 1522 1479 ubi
1552 1443 1679 1480 fertur

252 1508 323 1545 sub
369 1508 526 1546 nomine
568 1508 869 1558 Plutarchi¹¹)‚
918 1509 983 1559 qui
1030 1508 1244 1555 conlegerit
1284 1510 1493 1557 prouerbia
1536 1510 1677 1560 quibus

343 1611 377 1647 8)
402 1610 441 1638 ef.
468 1610 607 1639 Bandini
632 1611 678 1639 III
703 1620 734 1648 p.
754 1611 816 1640 203
843 1614 873 1640 et
899 1610 1045 1640 Fresenii
1071 1618 1144 1647 pag.
1165 1611 1193 1639 8.

345 1668 379 1704 9)
404 1666 531 1696 Tertius
557 1676 683 1703 quoque
709 1668 820 1703 codex,
848 1667 888 1695 ab
913 1667 1057 1704 Augei-io
1082 1665 1265 1695 Busbeckio
1292 1665 1368 1695 olim
1394 1665 1677 1705 Constantinopoli

251 1727 467 1761 comparatus,
494 1723 678 1753 Vindobon.
697 1723 873 1753 CXXXIII
901 1721 979 1765 (vid.
1001 1723 1210 1752 Lambecium
1237 1722 1297 1751 VII
1322 1732 1353 1760 p.
1373 1723 1436 1752 525
1455 1721 1518 1762 sq.)
1544 1724 1615 1753 loco
1634 1725 1674 1754 27

252 1780 387 1818 praebet
411 1780 556 1824 ‘Catonis
581 1781 719 1810 disticha
743 1781 948 1819 paraenetica
975 1790 992 1809 a
1018 1780 1160 1808 Maximo
1191 1779 1346 1817 Planude⁷
1373 1780 1530 1809 monacho
1556 1780 1677 1818 Const„

252 1837 284 1866 in
311 1846 460 1875 graecam
485 1837 629 1875 linguam
652 1838 811 1868 translata
846 1840 876 1866 et
901 1837 952 1866 uel
978 1836 1018 1866 ab
1045 1836 1157 1866 eodem
1188 1836 1240 1865 uel
1265 1835 1304 1864 ab
1330 1836 1502 1874 Anonymo
1536 1837 1676 1874 quodam

254 1893 434 1924 Scholiasta
452 1894 724 1924 Annotationibus
751 1895 875 1932 graecis
901 1892 1136 1931 marginalibus
1162 1895 1193 1922 et
1208 1892 1469 1922 interlinearibus
1494 1889 1676 1930 illustrata'‚

253 1951 322 1980 loco
349 1952 389 1982 28
416 1950 661 1996 <Collectionem
686 1950 933 1988 prouerbiorum
959 1950 1071 1979 ordine
1097 1949 1299 1987 alphabetico
1324 1943 1549 1989 Ἀγαῇώνειος
1574 1944 1675 1990 αὔλη-

258 2017 319 2044 σις,
345 2003 460 2048 <Ji-mhi)
495 2006 553 2039 >eal
579 2005 667 2047 μέση
694 2005 751 2038 καὶ
775 2003 880 2046 καλῆ·
916 2002 1071 2047 Ἀγάξτων
1097 2002 1159 2046 γὰρ
1189 2027 1194 2033 .
1216 2030 1220 2034 .
1242 2002 1278 2040 .’,
1316 2006 1385 2034 loco
1412 2005 1453 2034 32
1479 2005 1675 2043 Diogeniani

254 2064 428 2103 prouerbia
451 2064 506 2093 illa
531 2073 549 2093 a
573 2064 748 2094 Leutsehio
773 2064 805 2092 in
832 2057 1008 2108 ‘Corporis'
1034 2063 1097 2091 vol.
1118 2062 1149 2091 II
1174 2062 1260 2100 typis
1284 2071 1445 2099 expressa.

347 2122 401 2159 10)
426 2121 543 2159 Incipit
575 2114 760 2164 JAsspmvog
786 2117 853 2160 βίον
879 2115 971 2161 βιοῖ’.
998 2137 1041 2140 —
1076 2119 1112 2147 In
1146 2118 1209 2147 fine
1243 2119 1429 2147 lemmatum
1464 2118 1541 2148 ordo
1574 2119 1674 2157 aliqui

253 2177 438 2207 immutatus
464 2180 522 2208 est.
549 2195 591 2198 —
627 2176 777 2206 Ceterum
802 2177 857 2206 vel
882 2175 932 2205 hic
958 2176 1145 2205 lemmatum
1170 2174 1267 2204 index
1301 2177 1388 2204 extat
1419 2174 1451 2203 in
1476 2176 1676 2213 paenultima

256 2234 374 2264 codicis
398 2234 425 2263 L
450 2234 581 2272 pagina.

350 2292 404 2328 11)
430 2290 524 2320 Talia
557 2290 765 2335 ‘collectanea
789 2284 964 2318 Plutarchi'
998 2298 1171 2326 usurpasse
1205 2288 1332 2317 uidetur
1365 2287 1554 2318 Desiderius
1578 2288 1675 2318 Eras-

254 2356 342 2377 mus:
368 2347 443 2377 vide
464 2347 567 2385 praef.
587 2346 824 2376 Schneidewini
848 2355 878 2384 p.
897 2346 1025 2385 XXX13
1052 2354 1125 2374 nam
1151 2354 1232 2382 quae
1258 2344 1405 2381 exempla
1428 2344 1533 2373 adfert
1553 2354 1592 2374 ex
1608 2346 1674 2384 Ap-

255 2403 390 2442 pendice
414 2403 434 2434 i.
456 2413 481 2433 e.
510 2413 526 2433 e
553 2403 643 2433 codd.
670 2403 728 2432 BV
752 2403 828 2432 item
854 2403 1059 2441 reperiuntur
1084 2402 1115 2430 in
1142 2401 1331 2430 collectione
1356 2400 1555 2437 Millefiana,
1593 2410 1674 2438 quae

254 2460 476 2490 Laurentiano
502 2460 572 2489 cod.
597 2459 824 2498 persimillima
849 2463 912 2489 est:
952 2460 1034 2496 App.
1063 2459 1104 2494 ΙΙ,
1132 2459 1173 2487 54
1200 2455 1253 2498 (M.
1280 2457 1305 2494 Ι,
1331 2452 1378 2497 η’)
1406 2458 1446 2486 55
1471 2456 1510 2496 (I,
1538 2451 1606 2496 xil')
1632 2458 1672 2487 76

256 2516 294 2557 (Ι,
322 2512 383 2557 λγ’)
407 2516 464 2551 IV,
492 2517 532 2545 95
559 2516 597 2555 (Ι,
624 2511 684 2555 οξ)
710 2516 750 2553 V,
776 2518 817 2546 43
843 2515 883 2555 (Ι,
910 2510 982 2556 ογ’).
1032 2513 1181 2556 [Diogen.
1207 2514 1265 2550 IV,
1292 2511 1360 2543 95b
1385 2522 1445 2542 nec
1469 2513 1537 2542 cod.
1563 2513 1590 2541 Β
1616 2522 1675 2543 nec

255 2573 284 2602 V
309 2572 408 2602 habet
439 2581 497 2602 nec
522 2573 678 2602 Erasmus
711 2573 774 2603 tale
800 2572 876 2610 quid
900 2573 932 2601 in
957 2572 1021 2601 vol.
1040 2572 1064 2608 Ι,
1084 2572 1113 2606 9,
1134 2573 1175 2601 74
1200 2570 1341 2599 adnotat.
1367 2569 1420 2608 -]
1457 2579 1561 2607 neque
1594 2570 1676 2600 illud

256 2630 356 2667 deest,
382 2629 467 2666 quod
485 2628 749 2659 Schneidewinus
767 2620 865 2659 refert
891 2639 920 2667 p.
941 2628 1083 2657 XXXVI
1108 2637 1182 2656 nam
1205 2627 1366 2656 inuenitur
1390 2635 1481 2664 prov.
1505 2622 1675 2670 ςἈλώτῖηξ

255 2684 466 2726 διαφυγοῦσα
481 2682 590 2726 πάγας
606 2680 667 2727 οὔχ
681 2681 862 2718 amonem?
880 2687 911 2715 in
927 2685 1047 2715 Milleri
1064 2685 1138 2714 coll.
1151 2684 1196 2713 IV
1213 2684 1257 2724 (p.
1270 2680 1363 2725 378):
1381 2683 1490 2720 utique
1502 2682 1674 2713 Schneide-

257 2742 333 2772 wini
360 2741 480 2780 opinio,
507 2742 545 2771 de
571 2751 647 2771 uero
673 2742 847 2772 Plutarcho
874 2752 943 2772 esse
968 2741 1184 2779 cogitandum,
1210 2748 1343 2779 prorsus
1368 2742 1415 2769 est
1439 2739 1617 2769 abicienda.
