1951 3203
721 177 1002 218 —29—

153 280 234 317 rari
268 280 445 319 audimus
478 283 524 320 ab
557 280 613 318 eis
646 280 713 332 qui
734 281 1028 329 Diogenianum
1059 279 1278 331 pleniorem
1311 291 1426 329 quam
1456 277 1573 315 hodie

155 352 317 398 prostat,
350 349 665 400 compilauerunt
684 350 753 388 BV
779 350 844 399 (ad
863 349 978 398 Diog.
1001 349 1094 395 VH,
1120 348 1159 397 1)
1191 351 1229 385 et
1251 346 1367 384 Coisl.
1391 345 1449 396 (in
1470 347 1572 396 App.

154 416 225 463 IV,
248 415 317 467 26)
348 418 417 469 qui
446 432 516 456 nos
547 418 652 456 nihil
682 418 873 456 adtinent.
932 418 992 455 Ne

268 485 337 524 VI.
371 486 529 538 quidem
558 488 667 525 locus
692 487 801 525 cuius
823 486 951 534 adagii
972 489 1172 523 auctorem
1196 484 1329 535 prodit
1349 484 1496 520 Athen.
1519 481 1574 526 Π,

158 552 256 590 67])
288 553 407 605 (App.
430 555 501 603 IV,
526 560 576 593 29
605 550 724 601 ’Όξος
762 550 979 605 Σφήττιον)
1021 557 1203 605 receptus
1244 557 1303 590 est
1341 566 1361 588 a
1390 550 1575 595 Zenobio,

157 621 224 658 sed
255 622 413 661 aliunde
451 623 494 661 in
526 625 608 662 cod.
629 623 733 674 ΒΝ)
763 623 903 662 fluxit:
950 626 1061 660 extat
1097 621 1194 659 item
1233 622 1314 659 fere
1352 620 1392 656 in
1432 618 1575 656 Photio

155 684 256 745 ςὅξος
277 687 499 741 Σφήττιον·
532 691 625 737 ἴσως
656 688 704 730 ἂν
729 691 770 730 οἱ
789 687 982 741 Σφήττιοι
1014 686 1126 736 ὀξεῖς,
1161 684 1213 734 αἷς
1244 687 1284 726 οἷ
1310 683 1507 739 Ἀχαρνεῑς
1528 686 1576 737 (Ρ)

156 754 388 810 κακολόγοι’,
421 762 525 812 quod
546 761 682 800 dubito
714 775 843 799 annon
876 760 1193 808 coniungendum
1216 758 1267 795 sit
1288 771 1374 795 cum
1394 756 1576 794 Eustath.

159 826 251 875 741,
275 831 323 867 25
355 827 557 885 ‘Algcovsig
585 825 658 880 γάρ
692 825 855 879 δημόται
886 824 1051 866 Ἀττικοὶ
1083 824 1349 876 σκωπτόμενοι
1383 819 1436 869 ὥς
1459 837 1578 861 κακο-

156 890 278 946 λόγοι,
310 892 420 934 naeu*
452 895 515 935 καὶ
549 896 589 935 οἷ
611 894 803 948 Σφήττιοι
831 895 892 935 ἐπὶ
920 892 1139 948 ἆγριότητι.’
1205 894 1479 933 Gratissimum
1512 906 1577 929 au-

157 967 238 1002 tem
267 980 393 1017 paene
425 971 484 1005 est
513 968 588 1016 srg.

271 1035 364 1074 VH.
425 1031 603 1092 ιΧαλειτοὶ
634 1031 679 1073 τοὶ
710 1031 836 1073 καλά’.
897 1036 1026 1074 Huius
1058 1034 1260 1086 prouerbii
1292 1032 1464 1071 maxime
1497 1031 1577 1068 ani-

157 1105 483 1142 maduertendum
515 1109 573 1143 est
604 1128 657 1132 ——
688 1109 902 1156 posteaque
935 1119 1128 1143 summum
1168 1104 1209 1141 in
1239 1105 1313 1140 hac
1344 1116 1387 1139 re
1427 1101 1579 1151 pondus

159 1172 236 1210 erit
265 1174 489 1223 ponendum
520 1196 574 1200 —-
605 1175 750 1211 formas
773 1175 868 1211 duas
891 1188 975 1211 esse
997 1173 1293 1221 disiungendas:
1325 1172 1505 1216 alterum,
1538 1171 1581 1205 ut

158 1241 336 1279 Platonis
374 1242 522 1280 dictum
555 1243 749 1294 quoddam
788 1243 1095 1293 interpretetur,
1137 1242 1178 1279 in
1211 1240 1370 1279 scholiis
1402 1240 1450 1276 ad
1481 1237 1580 1287 Hip-

158 1308 264 1358 piam
294 1311 484 1348 maiorem
514 1325 551 1361 p.
576 1315 655 1348 394
679 1312 799 1349 Bekk.
826 1311 985 1359 legitur,
1018 1312 1134 1361 plane
1158 1309 1342 1346 similiter
1364 1308 1468 1358 apud
1487 1308 1579 1343 ch.

159 1378 238 1425 VI,
272 1382 322 1415 38
356 1378 436 1428 (PB
471 1383 562 1417 940.
593 1381 631 1417 K
660 1380 739 1427 IV,
773 1384 822 1416 90
855 1379 894 1417 in
927 1380 1108 1429 Append.
1142 1379 1195 1425 V,
1230 1382 1279 1415 22
1323 1374 1580 1426 exscriptum)

161 1451 403 1495 enarratum,
436 1449 528 1485 dum
559 1448 722 1499 Didymi
754 1447 900 1486 mentio
934 1449 1015 1486 solo
1049 1463 1069 1484 a
1101 1446 1322 1486 Scholiasta
1352 1446 1507 1482 Platon.
1539 1443 1581 1479 in

161 1515 365 1566 Cratylum
396 1530 432 1565 p.
458 1519 536 1553 369
569 1517 688 1554 Bekk.
721 1517 784 1563 fit3
817 1521 936 1568 atque
967 1516 1033 1554 hic
1063 1517 1164 1554 altcr
1194 1515 1442 1553 Scholiorum
1473 1513 1581 1549 locus

160 1597 265 1621 nunc
297 1585 401 1622 solus
431 1599 502 1623 nos
528 1585 691 1623 adtinet.
752 1585 792 1623 Si
816 1585 933 1623 huius
966 1599 1091 1623 sermo
1123 1585 1180 1622 ita
1210 1582 1396 1629 decurrit,
1430 1585 1473 1618 ut
1494 1584 1583 1631 post

161 1651 324 1703 Didymi
354 1654 476 1691 uerba
507 1656 654 1701 auctor,
687 1654 838 1704 opinor,
870 1654 1113 1692 Scholiastae
1136 1656 1275 1704 pergat
1304 1647 1414 1708 ‘Sasu
1445 1643 1581 1698 οἶμαι

162 1719 258 1770 φησὶ
288 1720 353 1759 καὶ
387 1720 623 1773 Μένανδρος
663 1723 839 1775 aliique',
882 1724 969 1775 quis
1012 1728 1072 1762 est
1112 1723 1207 1774 quin
1250 1721 1438 1760 concedat
1477 1719 1584 1755 hune

162 1794 362 1828 auctorem
397 1791 474 1829 iam
505 1792 669 1843 Didymi
708 1792 1008 1831 commentarios
1050 1792 1091 1829 in
1133 1805 1246 1829 suum
1287 1790 1434 1828 librum
1476 1799 1582 1824 rece-

163 1858 278 1908 pisse.
340 1860 559 1897 Scholiasta
596 1860 721 1908 igitur
761 1862 865 1911 apud
905 1874 1011 1908 eum,
1054 1860 1122 1911 qui
1151 1858 1315 1910 Didymi
1348 1855 1584 1895 sententiam

163 1928 484 1977 amplectebatur,
517 1942 568 1966 sc.
592 1928 790 1967 Lucillum
820 1929 977 1967 inuenit
1008 1943 1058 1966 ex
1089 1928 1252 1979 eiusque
1282 1926 1397 1965 libris
1420 1921 1583 1973 Didymi

164 1997 285 2034 uerba
316 1996 575 2046 sumpsit52).

275 2065 361 2102 Hae
392 2069 484 2103 sunt
512 2066 704 2117 reliquiae
737 2080 836 2118 quae
868 2081 887 2104 e
918 2066 1032 2105 libris
1064 2065 1253 2104 tredecim
1284 2066 1454 2102 aetatem
1484 2060 1585 2098 tule-

163 2136 276 2180 runt,
317 2147 445 2185 neque
485 2135 582 2172 haec
620 2149 762 2186 provv.
796 2136 927 2173 omnia
959 2139 1111 2174 constat
1141 2135 1183 2171 in
1213 2133 1276 2170 his
1307 2131 1421 2170 libris
1452 2129 1585 2175 fuisse,

164 2202 276 2239 uelut
304 2203 378 2250 frg.
403 2206 425 2240 6
458 2217 478 2240 e
501 2204 791 2241 commentariis
817 2205 864 2242 ad
884 2204 1196 2254 Aristophanem
1226 2201 1392 2252 petitam
1414 2198 1583 2236 uidetur.

164 2270 197 2306 E
222 2270 362 2308 ceteris
389 2275 532 2319 autem,
565 2276 817 2324 quotcunque
840 2287 862 2310 a
880 2272 1053 2311 Zenobio
1078 2273 1443 2315 commemorantur,
1476 2265 1587 2317 sequi

166 2336 266 2374 mihi
297 2352 526 2388 persuasum
558 2344 635 2387 est,
666 2344 711 2378 ut
741 2355 812 2391 per
843 2342 1011 2379 alterum
1042 2342 1199 2378 demum
1231 2344 1431 2377 auctorem
1461 2339 1587 2389 Didy-

166 2419 252 2442 mus
273 2406 468 2445 Zenobius
488 2408 730 2447 innotuerit:
763 2423 884 2447 unum
907 2423 1013 2456 uero,
1044 2423 1093 2447 ne
1122 2409 1217 2460 quid
1247 2408 1414 2446 reticere
1438 2407 1587 2452 uidear,

166 2473 251 2524 ipse
282 2474 382 2512 mihi
414 2478 621 2515 obuertere
653 2477 818 2528 possim:
858 2478 1119 2516 inueniuntur
1142 2477 1247 2514 enim
1278 2476 1320 2513 in
1353 2477 1434 2514 cod.
1456 2476 1588 2513 Mille-

166 2542 278 2580 riano
311 2546 497 2593 quattuor
525 2545 596 2582 illa
626 2559 767 2596 provv.
800 2546 860 2584 bis
891 2546 1064 2596 repetita
1094 2546 1142 2582 de
1174 2545 1315 2596 quibus
1354 2544 1432 2581 iam
1472 2557 1590 2593 supra

168 2610 381 2660 disputaui.
442 2612 556 2650 Nihil
596 2614 695 2651 mihi
736 2615 924 2652 uidentur
965 2614 1150 2665 ponderis
1190 2615 1358 2661 habere;
1402 2613 1588 2663 repetitio

168 2678 535 2739 Ἧνῌι
569 2712 650 2741 quae
683 2704 806 2734 addidit
837 2704 1049 2743 Schmidtius,
1087 2705 1250 2743 Apostolii
1284 2705 1386 2734 errori
1420 2703 1590 2741 debentur,

170 2757 256 2794 quod
279 2759 373 2788 multi
397 2764 651 2799 perspexerunt:
677 2761 716 2791 cf.
745 2761 911 2793 Leutschii
936 2763 1044 2793 adnot.
1070 2763 1111 2792 ad
1135 2762 1284 2801 Apostol.
1309 2762 1418 2800 XVII,
1447 2763 1500 2791 18.
