1951 3203
877 183 1156 226 ..44-

311 298 374 324 res
404 288 505 324 esset
530 287 577 324 de
599 286 694 324 locis
723 300 744 324 a
766 287 940 337 corporis
970 287 1147 337 partibus
1177 288 1395 338 appellatis,
1427 288 1598 326 Boethus
1618 287 1724 335 item,

306 354 361 391 ita
382 367 474 391 uero
505 357 549 392 ut
579 355 740 392 alteram
769 355 1132 405 interpretationem
1163 357 1286 406 priori
1317 356 1600 406 praeposuerit.
1659 357 1724 393 Iu-

306 426 418 460 uaret
446 422 558 471 plura
588 423 635 460 de
665 423 856 473 Hesychii
885 423 1061 461 fontibus
1092 424 1210 471 scire,
1255 425 1321 476 qui
1365 425 1438 462 etsi
1479 423 1594 462 initio
1637 436 1723 462 eum

307 493 439 527 nostro
469 490 641 528 Zenobio
674 491 859 530 conuenit
889 495 969 529 tum
1002 491 1178 530 Clearchi
1208 505 1350 530 nomen
1381 492 1614 539 introducit,
1657 504 1724 529 au-

310 558 427 595 ctoris
453 558 596 596 nostris
626 559 986 608 paroemiographis
1015 559 1175 597 minime
1198 560 1336 608 ignoti.
1397 560 1502 601 Quin
1523 560 1640 598 etiam
1662 560 1727 597 de-

308 627 515 664 monstrari
546 631 677 675 potest
697 640 806 676 prov.
830 627 926 664 Mill.
950 623 1014 675 ἣβ’
1043 627 1272 666 conlection.
1294 629 1361 665 ΠΙ
1391 628 1463 678 (=
1485 628 1589 666 Plut.
1606 628 1636 675 1,
1656 627 1725 677 61)

308 694 483 732 Clearchi
522 696 662 740 uerba,
703 695 845 746 quibus
877 696 924 732 de
955 691 1099 746 γλυκύς
1130 691 1341 747 (tymbvm)
1379 696 1523 745 egerit,
1564 695 1726 734 Zenobii

307 762 532 800 auctoribus
563 766 717 812 praesto
748 763 880 810 fuisse,
913 764 945 802 si
976 764 1128 802 confers
1163 764 1303 802 Athen.
1335 778 1373 814 p.
1399 768 1490 802 540.

421 830 534 872 Quod
564 844 670 877 uero,
704 832 735 868 si
766 832 839 870 hoc
870 833 982 870 modo
1014 845 1092 870 rem
1128 833 1349 880 digerimus,
1381 833 1522 871 accidit
1552 835 1596 870 ut
1624 832 1726 869 Her-

307 898 403 935 mias
443 900 576 936 eodem
615 900 725 937 fonte
767 913 810 938 ac
851 900 994 938 stoicus
1034 899 1100 936 ille
1141 913 1233 938 usus
1273 901 1341 946 sit,
1385 900 1477 952 quid
1518 898 1726 937 miramur?

306 966 447 1004 Nonne
477 970 658 1016 poterant
687 968 728 1004 in
759 967 903 1005 talibus
933 969 1049 1006 rebus
1072 968 1197 1005 eidem
1229 969 1276 1005 ab
1301 972 1469 1019 utroque
1499 969 1629 1007 fontes
1660 970 1726 1007 ad-

306 1034 458 1072 hiberi?
518 1036 625 1072 Idem
665 1036 829 1074 fortasse
869 1039 1041 1074 statuere
1079 1036 1215 1074 licebit
1253 1036 1298 1073 de
1329 1036 1491 1074 Hermia
1528 1050 1564 1086 p.
1588 1041 1639 1075 90
1679 1037 1726 1076 cl.

310 1103 429 1141 schol.
453 1104 551 1141 Plat.
574 1104 614 1140 in
637 1104 856 1142 Phaedrum
878 1118 915 1154 p.
936 1107 1014 1141 314
1034 1104 1063 1141 Β
1091 1098 1295 1160 (ὀστράκου
1317 1099 1591 1155 περιστροφή’,
1623 1106 1727 1157 quod

305 1175 410 1209 recte
441 1172 683 1210 Mettauerus
721 1177 881 1222 propter
921 1173 1130 1210 uerborum
1161 1173 1369 1211 discrimen
1400 1173 1585 1212 Hermiae
1617 1174 1725 1212 abiu-

308 1239 410 1277 dicat
440 1240 492 1289 (p.
517 1241 605 1291 25),
651 1241 723 1278 etsi
762 1253 823 1279 res
854 1242 988 1279 eadem
1029 1246 1088 1279 est
1127 1245 1165 1280 et
1196 1242 1279 1279 sine
1311 1242 1428 1279 dubio
1469 1255 1520 1280 ex
1549 1255 1594 1280 eo
1625 1242 1725 1280 libro

305 1307 433 1354 fiuxit,
466 1321 580 1359 quem
603 1309 831 1347 Eustathius
862 1309 915 1358 (p.
938 1312 1054 1356 1161,
1079 1308 1148 1358 35)
1179 1310 1226 1347 de
1251 1310 1384 1347 eadem
1415 1323 1457 1347 re
1488 1310 1725 1359 compilauit,

306 1389 359 1413 sc.
390 1388 410 1413 e
440 1376 539 1414 libro
561 1376 799 1415 Suetoniano
832 1375 915 1427 περὶ
951 1376 1121 1415 παιδιῶν
1152 1390 1288 1427 graece
1320 1378 1559 1429 script085).
1605 1378 1724 1417 Cuius

402 1503 458 1538 84)
482 1502 603 1531 Extant
628 1502 712 1540 apud
738 1502 939 1532 Athenaeum
966 1512 997 1540 p.
1017 1503 1098 1538 540,
1136 1502 1189 1540 qui
1215 1502 1394 1541 exscriptus
1420 1506 1469 1532 est
1493 1502 1533 1532 ab
1556 1502 1726 1533 Eustathio

306 1569 337 1597 p.
359 1559 463 1596 1082,
490 1560 532 1589 35
569 1563 740 1597 postquam
765 1562 859 1589 antea
883 1559 1007 1588 scholia
1030 1559 1204 1589 Homerica
1228 1560 1278 1600 (L.
1305 1560 1345 1589 ad
1370 1557 1404 1590 H
1419 1583 1427 1596 ,
1453 1558 1531 1602 702)
1555 1559 1728 1599 compilata

307 1620 397 1646 sunt:
435 1616 484 1646 his
509 1616 629 1645 Xanthi
653 1616 737 1655 Lydi
762 1616 916 1645 historiae
942 1616 985 1645 ita
1010 1621 1199 1653 narrantur,
1226 1620 1260 1645 ut
1285 1615 1461 1646 Clearchus
1486 1617 1532 1646 eis
1555 1626 1632 1647 usus
1656 1626 1727 1647 esse

306 1673 464 1703 uideatur.

399 1731 456 1768 85)
482 1730 630 1760 similiter
655 1740 706 1760 res
732 1739 803 1760 sese
835 1730 933 1760 habet
957 1731 989 1760 in
1015 1730 1211 1760 scholiorum
1236 1729 1278 1759 ad
1303 1730 1435 1759 Theaet.
1461 1739 1491 1768 p.
1512 1731 1575 1761 358
1591 1730 1636 1768 Β,
1672 1729 1726 1760 ubi

307 1787 376 1817 cod.
396 1785 425 1820 21
451 1788 632 1826 explanate,
658 1789 684 1817 B
709 1788 899 1818 breuissime
925 1792 956 1818 et
981 1789 1063 1818 falso
1089 1785 1145 1828 (sc.
1175 1784 1228 1819 ἐπὶ
1254 1810 1260 1816 .
1282 1811 1286 1816 .
1314 1787 1380 1818 τῶν
1404 1783 1459 1819 τὸν
1483 1785 1660 1828 νικηὲἳέντα
1679 1785 1728 1824 εἰς

308 1837 378 1875 ὄνον
414 1840 631 1882 καῇιζέντων)
668 1846 705 1875 de
731 1846 798 1884 pila
823 1846 953 1875 disserit
984 1845 1037 1886 (cl.
1063 1845 1156 1874 Eust.
1187 1845 1291 1881 1601,
1318 1843 1475 1885 30-4Ο).
1522 1844 1612 1874 Idem
1643 1844 1728 1874 liber

307 1901 549 1931 adcuratissime
575 1902 738 1932 adhibitus
764 1906 812 1932 est
837 1912 855 1931 a
879 1902 978 1931 schol.
1005 1902 1037 1931 in
1064 1901 1165 1940 Lysin
1195 1901 1337 1930 Bekkeri
1362 1899 1392 1934 521
1416 1910 1445 1939 p.
1465 1901 1540 1937 320,
1565 1910 1659 1939 quem
1684 1902 1729 1931 lo-

306 1968 377 1988 cum
413 1969 428 1988 e
454 1959 554 1988 schol.
580 1959 605 1987 B
631 1969 661 1997 p.
682 1960 744 1989 451
779 1960 835 2000 (ad
859 1959 984 1996 Legum
1010 1959 1030 1988 l.
1051 1956 1092 1997 V)
1126 1962 1157 1988 et
1181 1959 1245 1988 453
1279 1958 1335 1998 (ad
1358 1957 1483 1995 Legum
1505 1958 1524 1987 l.
1545 1956 1622 1998 VII)
1652 1967 1727 1997 sup-

306 2017 427 2054 pletum
453 2017 588 2046 eundem
613 2016 739 2046 inuenis
764 2017 848 2054 apud
873 2016 1021 2046 Eustath.
1043 2017 1139 2052 1397,
1159 2017 1203 2047 34
1228 2019 1259 2044 et
1285 2015 1379 2051 1289,
1407 2016 1459 2044 53.
1486 2033 1528 2037 —
1553 2015 1728 2046 Fresenius

306 2082 335 2110 p.
355 2074 395 2102 49
423 2073 499 2102 libri
533 2073 581 2113 ‘de
618 2071 747 2110 Λέξεων
779 2073 944 2111 Aristoph.
978 2076 1008 2102 et
1033 2071 1176 2102 Sueton!
1211 2071 1335 2101 scholia
1366 2071 1494 2101 Platon.
1529 2081 1593 2101 non
1627 2072 1726 2101 adno-

307 2129 396 2159 tauit.
422 2147 462 2151 ——
503 2129 536 2159 C.
564 2130 687 2160 Robert
712 2131 841 2170 ,griech
868 2130 1088 2167 kinderspiele
1114 2130 1172 2158 auf
1191 2128 1319 2158 vasen':
1345 2128 1514 2157 Archaeol.
1540 2129 1611 2167 Ztg.
1640 2130 1725 2159 1879

309 2187 515 2216 scholiastam
541 2188 622 2216 Plat.
650 2187 781 2217 Suetoni
806 2187 922 2216 librum
958 2187 1087 2216 nouisse
1119 2185 1292 2215 contendit.
1340 2185 1477 2215 Prorsus
1511 2185 1607 2214 aliam
1638 2185 1726 2214 uiam

308 2243 486 2281 ingreditur
511 2244 656 2283 Leopold
682 2245 774 2275 Cohn
800 2245 831 2274 in
856 2245 939 2274 libro
966 2244 1014 2284 4de
1040 2243 1259 2282 Aristophane
1285 2243 1363 2281 Byz.
1389 2246 1421 2272 et
1445 2241 1598 2272 Suetonio
1624 2242 1726 2272 Tran-

308 2300 409 2337 quillo
434 2301 593 2331 Eustathii
619 2301 813 2331 auctoribus‘
846 2302 966 2339 scripto
1000 2301 1054 2338 qui
1085 2300 1273 2330 Suetonium
1297 2299 1537 2337 Diogenianum
1562 2299 1729 2328 Pollucem

306 2357 466 2387 Boethum
502 2358 542 2387 ab
579 2360 691 2388 eodem
725 2363 853 2388 auctore
888 2358 1059 2396 Pamphilo
1096 2357 1236 2395 pendere
1273 2356 1468 2385 contendere
1499 2365 1564 2385 non
1601 2355 1728 2385 dubitat

308 2413 353 2453 (p.
374 2414 468 2455 356);
495 2415 571 2452 quid
594 2420 700 2445 autem
726 2416 764 2445 de
789 2415 891 2454 ipsius
915 2415 1031 2444 Boethi
1057 2418 1088 2444 et
1105 2413 1211 2443 Schol.
1231 2413 1315 2442 Plat.
1342 2412 1505 2442 adfinitate
1529 2412 1647 2442 sentiat
1671 2411 1726 2441 ad-

308 2474 400 2508 paret
430 2481 460 2509 p.
481 2474 543 2502 344
570 2473 642 2503 adn.
665 2474 727 2503 123
767 2473 937 2511 ‘Boethum
973 2471 1201 2510 philosophum
1237 2469 1379 2499 Stoicum
1418 2472 1449 2499 et
1482 2469 1725 2507 grammaticum

307 2527 486 2565 principem
520 2528 618 2558 fuisse
653 2532 817 2558 auctorem
843 2529 1036 2558 scholiastae
1061 2527 1208 2557 Platonis
1234 2526 1434 2563 eundemque
1459 2535 1478 2554 a
1501 2526 1616 2555 Photio
1640 2525 1726 2555 haud

307 2592 381 2613 raro
398 2583 544 2613 adhiberi
562 2585 794 2615 demonstrauit
811 2585 929 2615 Naber.
963 2585 1107 2614 Boethus
1129 2587 1235 2614 autem
1259 2593 1331 2612 cum
1356 2583 1438 2612 alios
1463 2586 1530 2612 tum
1552 2581 1726 2620 praecipue

307 2641 514 2678 Pamphilum
539 2646 701 2671 auctorem
726 2646 854 2672 secutus
880 2646 946 2680 est3
972 2641 1092 2680 passim
1119 2641 1215 2670 etiam
1240 2639 1436 2678 Diogeniani
1461 2635 1725 2678 Περιεργοπένη-

308 2706 367 2733 τας
391 2697 540 2735 inspexit,
566 2698 650 2728 unde
677 2702 788 2736 quater
813 2699 1035 2737 Diogenianus
1060 2707 1079 2727 a
1103 2697 1202 2727 schol.
1231 2697 1316 2727 Plat.
1341 2695 1508 2734 laudatur3
1534 2694 1615 2724 falso
1641 2694 1726 2724 enim

310 2753 421 2785 Naber
446 2754 557 2783 statuit
580 2755 739 2784 Boethum
762 2755 959 2793 Diogeniani
983 2754 1163 2785 mentiones
1190 2753 1306 2783 debere
1333 2752 1426 2782 Aelio
1451 2749 1630 2790 Dionysio.'
1670 2751 1726 2780 Ni-
